1378 2392
483 115 865 166 PRAEFATIO.

51 247 286 328 storiam
326 249 720 326 Ecclesiasticam
752 267 807 308 et
843 251 1216 330 Antiquitates
1235 253 1328 312 Sa·

66 347 190 391 cras
233 330 506 387 docendas
547 331 955 408 susciperemus.
1070 331 1332 407 Qorum

67 408 338 468 desiderio
372 429 477 486 pro
516 411 657 469 virili
702 411 1062 487 respondere,
1103 415 1184 469 uti
1215 410 1331 472 offi-

71 491 141 547 cii
181 490 349 550 nostri
395 488 497 547 esse
547 489 935 564 consebamus‚
1011 490 1082 547 ita
1129 491 1198 548 ad
1241 509 1335 548 me

70 568 228 645 quod
250 572 457 642 attinet,
493 569 666 627 statim
692 570 809 627 Cel.
832 570 1052 627 Relandi
1079 571 1334 647 Antiqui-

67 661 205 706 tates
236 648 418 707 Sacras
464 649 736 725 explicare
771 650 1138 708 Auditoribus
1176 651 1336 726 coepi.

66 725 286 787 Verum
309 729 462 806 quod
483 729 699 787 dudum
721 728 836 786 Viri
865 728 1029 787 Docti
1054 730 1335 806 conquesti

70 805 223 880 sunt,
265 811 543 866 neminem
576 808 833 866 hactenus
885 808 1043 866 nobis
1089 809 1336 884 plenum,

73 905 378 965 omnesque
411 887 571 945 studii
606 887 766 962 hujus
801 905 979 964 partes
1014 888 1338 946 exhauriens

61 967 326 1043 systema,
383 970 494 1025 imo
542 987 612 1026 ne
668 968 1066 1045 compendium
1110 967 1339 1045 quidem

73 1047 307 1119 deffiffie,
362 1047 512 1105 idem
543 1064 596 1105 et
632 1050 687 1105 in
718 1049 824 1106 hoc
855 1051 1176 1123 ceteroquin
1223 1046 1337 1104 dili-

74 1127 378 1204 gentiffime
411 1128 712 1199 elaborato,
753 1146 807 1185 et
830 1125 1121 1185 multifaria
1154 1126 1338 1185 erudi-

74 1209 226 1265 tione
246 1206 450 1264 referto
478 1207 704 1284 script0‚
747 1206 897 1282 eujus
920 1207 1065 1266 laudi
1088 1206 1219 1264 nihil
1251 1207 1341 1265 de·

73 1286 311 1344 tractum
353 1287 511 1358 vo10,
548 1287 682 1345 mihi
721 1291 1002 1364 praecipue
1050 1286 1342 1344 molestum

72 1367 286 1425 accidit.
365 1366 524 1424 Licet
555 1370 699 1425 enim
733 1368 870 1425 illud
903 1371 956 1424 in
990 1369 1052 1424 iis
1087 1385 1208 1443 quae
1242 1382 1341 1424 tra-

71 1444 207 1519 Stat,
257 1451 436 1504 omnia
467 1445 594 1520 alia,
637 1467 757 1523 quae
791 1451 845 1504 in
881 1447 989 1505 hoc
1029 1465 1233 1524 genere
1255 1448 1342 1504 ha·

69 1524 293 1599 ἃεηυς,
333 1526 565 1597 exstant,
609 1526 837 1603 scripta,
876 1527 1184 1603 longiffimo
1222 1526 1344 1602 post

70 1604 134 1664 se..
158 1607 442 1664 intervallo
477 1608 773 1682 relinquat,
828 1608 1111 1682 multaque
1163 1606 1345 1663 uberi·

69 1703 138 1744 us
173 1686 434 1763 explicet,
476 1706 641 1762 quam
675 1690 730 1743 in
780 1686 1114 1763 compendio
1162 1685 1344 1762 exspe-

70 1763 271 1839 ἃειτες,
327 1785 440 1823 non
475 1769 645 1842 magis
685 1783 866 1823 tamen
908 1785 1073 1844 quam
1117 1766 1343 1842 reliqua,

70 1864 177 1923 per
194 1849 463 1923 integram
486 1845 624 1902 hanc
653 1845 958 1903 doctrinam
991 1845 1041 1902 se
1067 1843 1346 1916 diffundit,

68 1924 164 1995 sed
198 1943 262 1983 ut
297 1925 404 2000 ipsa
438 1925 710 2000 inscriptio
741 1928 953 2001 arguit,
990 1928 1044 1981 in
1091 1927 1346 2001 Antiqui·

68 2005 271 2063 tatibus
309 2005 482 2062 Sacris
511 2010 672 2062 unice
708 2004 962 2076 subsistit,
1005 2005 1203 2060 omissis
1238 2004 1346 2080 pla-

62 2102 172 2158 ne,
216 2086 254 2142 si
283 2104 458 2142 unum
482 2101 646 2161 atque
675 2085 907 2141 alterum
931 2099 1343 2159 argumentum,

70 2165 143 2223 de
181 2165 420 2242 Regibus
454 2181 508 2221 et
546 2165 826 2240 Synedriis
881 2166 1146 2239 excipiam,
1226 2162 1346 2234 iuis,

72 2261 196 2325 quae
219 2245 287 2304 ad
301 2245 588 2317 Politiam,
632 2261 694 2304 ut
729 2261 794 2311 et
823 2244 958 2302 Rem
993 2241 1346 2381 Domcstgam

165 2335 168 2342 “
1123 2323 1203 2392 [Iu
1246 2339 1346 2379 aeo-
