1378 2392
205 141 318 204 Cap.
339 139 438 188 XV.
471 137 545 188 De
563 137 828 190 Primitt'vis
845 139 940 190 &a
1013 157 1068 196 21
1083 160 1105 204 3

399 239 479 247 -w,

100 292 204 342 tur,
237 282 384 346 idque
409 281 495 331 hac
515 284 698 331 ratione
721 297 774 332 ut
795 282 1015 337 infimum
1037 286 1105 334 lo-

97 365 208 397 cum
229 362 484 413 occuparet
516 348 779 406 hordeum,
819 353 1101 418 proximum

95 414 333 474 triticum,
369 413 481 464 huic
507 431 657 479 porro
686 416 846 476 olivae,
882 417 990 467 dein
1023 418 1100 468 da·

95 479 228 543 &cyli‚
265 480 608 546 malogranata,
653 479 767 530 ficus
793 483 1098 547 imponeren-

93 558 194 605 tur,
227 546 434 610 denique
463 560 622 610 autem
644 546 780 613 supra
803 549 877 597 vel
901 550 1022 598 circa
1047 549 1098 599 il-

94 612 158 660 las
179 629 298 662 uvae.
351 614 761 681 Appendebantur
782 613 973 683 insuper
998 616 1098 682 ple-

93 693 299 742 rumque
327 678 459 729 corbi
489 692 723 734 turtures,
768 691 847 729 aut
869 681 988 749 pulli
1017 699 1090 732 co-

91 744 388 799 lumbarum,
418 746 466 795 in
489 745 758 797 holocausta
779 746 1028 800 offerendi.

155 813 235 862 IX.
271 811 401 859 Talis
427 813 517 859 rite
545 811 767 864 instrusta
797 813 978 870 corbis,
1013 813 1090 867 vel
1107 826 1295 868 adductio

91 877 148 926 ab
179 875 280 942 ipso
311 877 512 929 domino
550 877 956 942 Hierosolymam,
1008 879 1307 941 dead-urbem

90 941 232 1002 ferri,
268 943 343 993 vel
371 959 461 1009 pet
487 943 631 996 alium
660 961 717 996 eo
739 947 865 997 mitti
883 959 1088 1015 poterat„
1105 931 1324 1028 fnfgssffff‘

86 1009 252 1061 Fiebat
300 1021 459 1062 autem
518 1009 691 1062 delatio
732 1010 836 1060 haec
885 1014 1092 1066 maxima
1204 1016 1214 1027 ’

84 1090 294 1140 pompa,
344 1075 464 1127 dum
508 1093 677 1127 omnes
717 1079 928 1130 civitates
971 1081 1092 1129 e'us-

86 1141 198 1194 dem
214 1139 451 1202 stationis,
484 1141 738 1208 postquam
770 1147 973 1193 conveni
1010 1157 1092 1194 ent

83 1207 133 1259 in
166 1206 287 1258 urbe
315 1206 525 1260 stationis
554 1207 646 1259 suae
677 1220 818 1276 atque.
846 1212 894 1259 in
924 1210 1092 1278 plateis

84 1273 453 1338 pernostaffent,
487 1290 625 1327 mane
654 1279 948 1329 exclamante
969 1294 1091 1344 prae·

85 1338 212 1388 festo
245 1340 390 1388 verba
423 1341 516 1404 jer.
545 1344 710 1394 XXXI.
743 1352 787 1392 6.
826 1341 962 1397 {irnul
997 1345 1087 1393 iter

85 1405 133 1453 in
172 1405 490 1463 rediebantur,
511 1410 811 1471 pvaecedente
839 1410 964 1458 bove
983 1426 1088 1461 cor-

85 1421 223 1520 nifius
243 1471 475 1523 deauratis
507 1473 551 1524 &
572 1490 749 1526 corona
782 1475 994 1542 oleagina
1016 1492 1087 1527 re-

81 1536 270 1592 dimito,
292 1539 604 1592 ut&tibicine
623 1541 758 1592 tibias
783 1540 991 1601 inflante,
1017 1559 1089 1593 ac-

82 1602 337 1654 clamantes
362 1602 445 1653 fibi
464 1617 632 1655 mutuo
654 1623 710 1655 ex
742 1607 810 1657 Ps.
833 1611 1018 1660 CXXII.
1045 1626 1085 1661 1.

82 1667 237 1718 Laetor
263 1669 336 1721 his
364 1671 444 1736 qui
464 1669 620 1723 dicunt
652 1673 768 1726 mihi
783 1712 794 1733 ‚
826 1672 889 1722 ad
906 1673 1086 1726 domum

84 1733 274 1799 Jchovae
296 1733 477 1788 ibimus,

151 1803 207 1852 X.
242 1805 363 1853 Cum
389 1819 488 1856 non
511 1803 656 1871 longe
688 1804 744 1853 ab
769 1806 888 1858 urbe
921 1807 1088 1854 Hiero·
1105 1815 1263 1859 Delan‘o
1278 1814 1336 1857 ad

84 1865 263 1934 solyma
282 1868 502 1930 abessent,
530 1869 723 1923 obviarn
747 1871 836 1922 illis
861 1873 1087 1940 procedo-
1103 1871 1258 1913 atrium.

86 1934 200 1985 bant
225 1935 493 2000 PrincipeS„
541 1936 782 1988 Antistites
810 1938 854 1988 &
882 1937 1090 1990 Thesau-

83 1999 220 2054 rarii‚
249 2014 274 2049 a
295 2001 469 2070 quibus
490 2014 712 2053 canentes
734 2004 782 2052 in
805 2005 957 2068 portis
980 2006 1090 2053 Hie·

84 2064 336 2127 rosolymae
353 2066 519 2120 Psalm.
541 2069 617 2117 cit.
643 2072 709 2118 vs.
730 2085 776 2122 2.
799 2069 1090 2120 humaniter-

81 2148 178 2195 que
205 2130 384 2185 {hlutati
413 2133 470 2184 ab
502 2134 726 2183 omnibus
749 2135 880 2184 urbis
913 2134 1092 2201 opifici-

0 2259 5 2264 ,
84 2197 203 2257 hm,
239 2196 299 2249 ad
336 2210 553 2252 montem
590 2201 759 2270 templi
794 2202 1092 2253 deduceban-

554 2269 596 2314 Ο
633 2283 654 2325 3
1013 2279 1092 2316 tur
