1378 2392
133 86 359 153 cap.xx.
393 82 467 134 De
488 80 645 131 ordine
669 80 814 131 cultus
825 81 920 132 &a
979 95 1074 145 297

65 222 265 275 edoctus
305 223 580 274 Mattathias
632 223 814 272 licitum
859 238 1074 289 pronun-
1155 242 1157 244 ·

66 291 220 340 ciavit.

131 357 345 405 xxvln.
397 358 519 403 Cum
566 370 714 419 opere
754 370 951 418 quoque
969 354 1071 401 'iter
1085 365 1166 403 Iter
1193 365 1288 403 Sub-

66 421 370 489 prohibitum
397 431 498 469 erat
526 421 682 470 Exod.
720 421 842 470 XVI.
878 428 965 477 292
1008 419 1070 468 ita
1086 416 1287 459 baebicum.

63 501 227 540 tamen
260 498 313 536 ut
350 487 408 536 ad
449 497 629 536 certam
663 485 928 536 distantiam
962 502 1074 552 pro-

105 554 206 604 redi
227 552 297 603 fas
322 552 431 602 effet
447 589 460 609 ,
496 569 604 618 quae
622 547 866 610 σαβῦάτου
883 544 976 606 ὁὸὀς
998 552 1074 599 via

66 570 290 670 §abbathi
313 620 513 679 dicitur,
546 619 707 668 ΑᾶοΓ.
721 621 757 668 Ι.
784 633 856 670 12.
886 619 930 668 8<
951 633 973 666 a
996 621 1074 682 Ju-

66 687 182 736 daeis
203 686 264 736 ad
282 683 353 735 bis
372 686 490 734 mille
512 683 683 734 cubitos
710 685 1071 734 determinatur.

66 753 222 820 OrIgo
243 752 342 816 ejus
361 766 422 800 ex
444 750 631 800 deserto
655 750 914 817 repetenda
942 751 1074 799 vide-

66 830 169 874 tur,
221 818 302 868 ubi
343 817 582 866 Sabbatho
621 818 682 868 ad
715 815 1075 867 tabernaculum

67 884 456 935 conveniendum
477 894 600 942 erat,
634 884 768 947 quod
790 883 959 947 aequali
978 882 1076 947 spa-

64 953 134 1003 tio
169 965 194 999 a
222 949 382 1002 castris
411 948 726 1000 israelitarum
763 947 962 999 distabat
985 944 1077 1012 μί

64 1019 151 1066 111.
174 1032 221 1082 4.
263 1015 430 1066 eadem
467 1027 626 1066 autem
660 1017 845 1065 ratione
874 1015 986 1065 dein
1017 1014 1075 1063 ab

67 1084 203 1134 omni
224 1081 331 1134 loco
355 1092 435 1133 aut
456 1081 598 1141 urbe,
644 1079 740 1132 five
769 1082 950 1147 majore
980 1078 1077 1130 five

48 1150 283 1204 'minore,
317 1158 452 1198 tanto
478 1147 732 1213 intervallq
763 1146 997 1225 progredi
1027 1146 1079 1196 li-

45 1214 230 1274 cebat,
285 1229 403 1264 non¹
430 1223 744 1265 annumerato
771 1213 919 1280 spano
940 1213 1077 1278 quod

52 1282 177 1346 'quis
205 1297 294 1348 per
324 1278 472 1348 ipstun
500 1281 672 1332 urbem
693 1282 827 1348 prius
858 1278 1077 1344 emensus

67 1345 212 1404 effet..
260 1349 358 1395 Iter
378 1345 473 1410 hoc
497 1347 555 1397 ad
578 1346 848 1398 mensuram
871 1346 1078 1396 aliorum

67 1411 366 1481 populorum
388 1413 622 1472 emitum,
644 1413 735 1480 pro
758 1413 888 1465 varia
909 1411 1079 1463 stadio-

66 1495 178 1530 rum
210 1479 540 1545 magnitudine
573 1483 620 1530 ὅ.
658 1495 706 1543 7.
748 1478 823 1529 vel
857 1487 900 1536 8.
932 1477 1076 1527 stadia

67 1555 248 1609 aequat,
292 1561 386 1611 pro
411 1544 569 1594 nostra
599 1555 756 1595 autem
788 1544 1079 1611 supputandi

63 1613 263 1670 ratione,
283 1608 534 1677 quadranti
551 1611 675 1662 horae
694 1611 771 1660 vel
793 1610 955 1659 offavae
963 1627 1078 1676 par·

62 1678 103 1731 ti
121 1678 334 1726 milliaris
347 1677 618 1726 Germanici
639 1676 910 1744 respondet,
941 1676 1076 1742 quod

65 1744 149 1807 qui
178 1743 463 1803 excederet,
511 1741 844 1810 flagellationis
880 1758 1076 1809 poenam

64 1807 349 1858 incurrebat.
383 1813 568 1858 Lucem
587 1809 702 1861 hinc
719 1810 888 1875 accipit
898 1808 1076 1860 Matth.

63 1875 228 1924 XXIV.
250 1889 327 1923 20.
361 1875 583 1926 nonnulli
606 1887 767 1927 tamen
794 1876 1076 1942 Judaeorum

62 1950 267 2004 urgente
296 1939 561 1994 neceffitate
587 1940 753 2010 fugam
793 1943 936 1991 etiam
973 1940 1079 1989 lon-

63 2007 253 2073 giorem
272 2006 511 2056 Sabbatho
534 2007 711 2058 licitam
735 2007 849 2070 effe,
879 2007 1076 2058 Davidis

61 2070 292 2139 exemplo
322 2073 531 2140 probare
550 2073 789 2141 magunt.-

530 2205 579 2255 T
614 2219 638 2267 5
911 2203 1075 2256 xxxx,
