1378 2392
509 62 896 111 PRAEFATIO.

11 276 14 278 v
66 198 399 280 'Judaeotum
430 195 697 273 spestant,
739 200 852 257 imo
891 218 961 258 ex
1003 199 1155 261 sacris
1189 204 1337 268 illam

73 296 286 340 tantum
324 294 539 354 partem
586 278 820 355 explicat
845 324 860 350 ,
947 299 1071 356 quae
1124 285 1337 346 cultum

71 358 249 439 ipfiim
283 360 589 430 concernit,
680 357 1004 419 Doctrinam
1039 380 1202 436 ver0,
1284 382 1340 424 et

75 460 197 518 quae
230 457 296 495 eo
327 437 647 495 relationem
690 438 919 512 habent,
998 459 1112 499 non
1147 444 1244 501 nisi
1282 446 1340 503 in

72 517 394 599 pauciffimis
420 517 714 594 capitibuS,
758 535 813 575 et
833 520 982 595 quasi
1004 521 1153 582 aliud
1177 542 1339 602 agen·

74 602 148 660 do
185 600 382 675 tangit,
434 616 562 654 cum
599 614 779 655 tamen
821 600 1197 678 Antiquitates
1238 605 1339 664 He-

73 681 292 750 braicae,
369 693 479 734 non
502 677 675 735 solum
709 678 919 737 ambitu
951 680 1076 754 sue,
1154 687 1339 742 omnia

75 761 190 818 haec
214 756 675 833 complectantur,
715 757 806 817 sed
830 775 884 816 et
918 758 1121 819 horum
1156 767 1344 842 cogni-

77 844 183 912 tio,
224 856 338 896 non
374 840 553 894 minus
584 856 751 914 quam
783 841 993 897 rituum
1027 840 1340 916 Sacrorum,

76 918 380 995 Theologo
417 935 582 993 atque
626 918 915 996 Philologo
964 923 1202 985 maxime
1249 942 1340 982 ne-

83 998 295 1059 ceffiiria
326 997 413 1069 fit,
474 1014 529 1054 et
565 998 674 1055 fine
720 998 831 1071 illa,
884 999 1145 1075 scriptura
1188 1001 1345 1076 sacra,

77 1081 176 1138 ubi
210 1079 324 1135 haec
363 1077 553 1149 tradit,
613 1078 700 1135 vel
738 1098 803 1136 eo
835 1078 1052 1154 alludit,
1111 1082 1342 1162 intelligi

80 1160 241 1238 plane
275 1174 527 1242 nequeat.
936 1179 938 1183 s

238 1319 423 1393 Qiare
444 1336 571 1375 curn
596 1318 720 1395 post
743 1318 1015 1377 absolutos
1041 1323 1254 1398 priores
1274 1315 1347 1389 'in

83 1399 198 1459 Cel.
222 1399 445 1459 Relandi
467 1398 862 1473 compendium
890 1399 1126 1471 labores,
1165 1401 1348 1461 secun-

81 1481 155 1538 da
191 1482 310 1535 vice
356 1479 423 1535 ab
470 1478 838 1536 Auditoribus
881 1484 1015 1538 meis
1051 1482 1349 1559 collegium

86 1561 497 1634 Antiquitatum
529 1557 959 1632 desideraretur,
1011 1564 1071 1619 -in
1103 1565 1351 1621 animum

85 1639 278 1698 induxi
319 1637 546 1714 ipsemet
582 1656 768 1695 earum
806 1639 1139 1715 pleniorem,
1184 1660 1350 1719 quan·

89 1736 210 1777 tum
231 1718 348 1775 fieri
377 1716 575 1793 posset,
619 1717 1040 1777 delineationem
1057 1722 1353 1792 adornare,

91 1816 257 1877 quam
283 1800 336 1854 in
358 1800 581 1874 privatis
604 1796 793 1855 scholis
824 1798 1105 1875 sequerer,
1142 1804 1354 1869 uberio-

92 1881 252 1955 rique
277 1880 670 1935 commentario
704 1877 1043 1938 illustrarem.
1071 1884 1075 1887 ’
1128 1881 1137 1888 ’

249 2035 436 2112 Atque
457 2036 585 2093 hinc
610 2052 800 2094 natum
825 2037 900 2093 est
928 2037 1063 2109 hoc,
1102 2035 1256 2111 quod
1289 2015 1370 2091 vi-

98 2114 196 2173 des
247 2113 305 2172 B.
343 2116 426 2172 L.v
467 2114 823 2191 opusculum:
904 2119 954 2173 in
990 2135 1104 2191 quo
1146 2116 1200 2171 id
1234 2114 1372 2173 mihi

55 2256 57 2258 ,
96 2194 435 2272 potiffimum
457 2198 665 2273 negotii
692 2195 882 2252 datum
907 2195 1008 2252 esic
1032 2195 1269 2264 credidi,
1308 2213 1372 2252 ut

740 2274 766 2303 '⁸
807 2294 843 2347 4
1193 2275 1377 2334 omnia
