1378 2392
162 98 274 161 Cap.
292 96 439 145 XVII.
475 89 792 146 De'Precibus
810 93 906 144 &cn
977 110 1067 159 245

71 253 158 288 nec
182 236 326 285 nostu
357 252 444 285 nec
473 236 679 284 interdiu
707 236 961 301 quicquam
989 252 1072 303 gu·

69 303 187 352 stare
209 303 384 351 liceret.
421 301 604 351 Esther.
625 304 699 352 IV.
721 311 797 351 16.
968 358 970 361 ,

131 372 231 417 ΧΧ.
275 372 330 418 ln
367 370 551 435 jejuniis
585 368 888 435 gravioribus
927 369 1068 417 etiam
1088 385 1319 425 Edaffiioar-

71 435 323 500 aquuando
353 452 412 485 ex
443 439 716 502 Synagoga,
763 451 868 485 arca
894 437 943 484 in
974 435 1070 501 pla·
1088 453 1138 478 cae
1160 441 1202 478 in
1231 439 1319 491 pla-

69 514 194 552 team
224 501 536 562 educebatur,
586 503 631 551 &
664 504 821 551 cinere
852 501 1203 567 consper-“am‘

107 568 293 629 ebatur,
333 569 579 633 Principe,
623 567 823 617 Praefide
852 568 1074 632 Synedrii

71 585 115 685 Ξ(
136 635 330 700 reliquis
351 635 575 684 omnibus
600 636 807 684 eundem
841 635 1073 700 capitibus

70 701 160 751 suis
186 701 524 767 injicientibn83
573 713 682 767 tumv
708 699 847 750 senex
877 702 1075 766 quidam

74 770 356 817 exercitatus
379 769 421 816 &
443 769 517 816 cui
539 766 734 819 honesta
764 768 937 816 famina
959 779 1072 827 erat,

76 850 238 884 coram
271 850 374 885 arca
405 834 716 892 descendens,
753 835 900 884 verba
926 836 1077 900 poeni-

74 903 257 961 tentiae,
289 902 332 950 &
358 903 510 949 XVIII
551 901 906 949 benedictiones
949 902 1076 949 ordi-

75 969 227 1016 narias
250 984 362 1025 cum
394 965 473 1015 sex
506 966 603 1015 aliis
627 966 939 1032 superadditis
964 968 1077 1016 reci-

75 1034 224 1092 tabat,
260 1050 367 1097 quae
386 1034 430 1082 &
450 1032 559 1098 ipsae
576 1032 767 1099 insuper
789 1033 1075 1098 quibusdam

77 1099 192 1148 locis
213 1099 395 1148 biblicis
414 1099 721 1167 augebantur.

139 1169 262 1214 XXI.
298 1165 667 1215 Celebrabantur
695 1167 866 1231 jejunia
887 1165 1075 1231 publica
1097 1185 1205 1225 Ratio
1230 1183 1325 1224 cele-

78 1231 140 1281 ob
159 1233 363 1298 majores
377 1232 756 1296 univerlhlesque
778 1232 1076 1290 calamitates,
1095 1240 1324 1297 l3›·andor·um

79 1315 187 1363 quae
209 1298 286 1350 vel
315 1300 514 1366 integrae
536 1299 830 1364 reipublicae,
864 1299 941 1347 vel
967 1298 1077 1346 huic
1090 1291 1324 1344 jejuniorum

77 1378 157 1413 aut
184 1364 250 1414 illi
279 1365 386 1415 urbi
405 1366 744 1415 incumbebant
763 1377 841 1413 aut
861 1366 1080 1414 immine-

78 1431 216 1490 bant,
266 1432 312 1481 in
340 1432 581 1497 prioribus
618 1432 923 1498 clangebatur
955 1431 1082 1480 tubis

79 1498 214 1546 omni
233 1498 282 1546 iu
304 1497 426 1558 loco,
461 1499 509 1547 in
532 1498 873 1564 posterioribus
893 1514 992 1547 non
1014 1498 1081 1545 ni-

79 1562 112 1613 fi
148 1565 197 1612 in
225 1563 302 1612 illa
326 1565 470 1621 urbe,
504 1564 583 1613 sed
610 1566 779 1617 vicinae
808 1565 948 1613 etiam
971 1565 1084 1630 jeju-

82 1629 280 1679 nabant:
348 1632 652 1681 Privatorum
684 1630 860 1691 causae,
903 1632 1084 1680 incom-

73 1698 226 1746 moda
247 1697 433 1763 privata
453 1709 610 1757 erant,
649 1707 703 1746 ut
724 1693 755 1746 fi
778 1700 882 1761 quis
903 1697 983 1763 spe
1006 1711 1085 1744 ex-

83 1763 273 1823 cidiffet,
296 1763 437 1813 rebus
459 1764 664 1831 angustis
685 1763 961 1828 affiistisque
980 1779 1087 1829 pre-

85 1841 319 1889 meretur,
349 1846 402 1879 ac
431 1833 638 1880 amicum
669 1842 981 1898 aegrotantem
1008 1840 1089 1877 aut

84 1897 328 1959 captivum
350 1897 425 1945 vel
447 1900 494 1946 in
518 1897 703 1946 deserto
734 1909 975 1946 errantem
1008 1895 1088 1944 ha-

85 1959 244 2022 beret,
288 1964 362 2011 cui
386 1962 474 2013 hac
501 1965 683 2012 ratione
708 1965 929 2030 precibus
961 1961 1089 2028 apud

85 2029 239 2076 Deum
259 2026 528 2079 succurrere
548 2030 707 2090 vellet,
745 2030 853 2080 licet
874 2028 1094 2078 nonnulli

86 2094 130 2142 8(
166 2094 222 2142 ad
267 2097 420 2144 Deum
460 2096 542 2146 fibi
577 2098 845 2163 propitium
890 2096 1094 2146 redden-

86 2160 207 2209 dum
236 2158 391 2210 solum
430 2163 722 2229 jejunarent,
768 2162 1097 2230 quod-praeci-

564 2232 615 2293 Q
652 2246 673 2291 3
1001 2244 1096 2293 pue
