1378 2392
463 83 844 134 PRAEFATIO.

40 226 207 291 quam
249 234 438 276 rerum
500 217 558 274 &
609 220 941 294 verborum,
1018 217 1172 296 quod
1225 239 1291 277 eo

44 312 375 386 potiffimum
421 316 601 370 animo
644 313 880 386 saelum,
965 332 1028 372 ut
1060 314 1294 372 Audito-

47 422 134 462 res
173 407 335 470 nullo
370 413 595 486 negotio
627 413 868 468 invenire
904 426 1133 487 queant,
1197 410 1295 467 ubi

45 499 161 560 haec
202 508 381 565 omnia
414 525 444 564 a
485 507 642 565 nobis
692 505 858 566 fufius
901 508 1002 565 smt
1044 507 1298 582 exposita.

48 587 336 652 Debentur
371 594 444 652 illi
478 596 748 654 industriae
793 595 1196 654 Praestantiffirni
1243 594 1301 655 ὃς

47 681 108 737 -in
136 682 569 761 Antiquitatibus
593 684 745 743 sacris
770 689 1033 761 omnique
1066 687 1300 743 literatu-

50 780 111 828 ra
156 772 398 832 orientali
443 772 769 831 versatissimi
818 773 1032 848 juvenis
1085 774 1302 832 Henrici

53 860 322 938 Segelcken
358 863 683 936 BremensiS,
724 865 816 922 SS.
855 867 970 924 Th.
1005 865 1161 922 Stud.
1209 883 1302 921 no·

54 957 255 1033 strique
285 958 408 1033 plus
443 977 606 1036 quam
649 976 752 1035 per
782 964 1098 1019 sexennium
1132 962 1307 1019 Audi·

57 1052 187 1106 toris
230 1049 442 1121 affidui,
483 1050 540 1128 ⁴⁸⁵)
616 1053 711 1127 qui
742 1048 886 1108 suam
919 1051 1057 1110 hanc
1100 1054 1153 1108 in
1187 1069 1306 1111 rem

55 1143 203 1202 haud
242 1146 509 1223 gravatim
559 1147 716 1205 nobis
766 1145 1137 1208 commodavit
1180 1166 1306 1224 ope-

61 1253 194 1295 ram.

244 1407 518 1468 Caeterum
560 1429 627 1467 an
675 1410 784 1466 hoc
834 1409 1158 1487 opusculum
1203 1429 1309 1467 am·

61 1495 223 1572 pliori
257 1499 663 1576 Antiquitatum
694 1498 1004 1573 Systemati,
1047 1503 1188 1558 viam
1230 1499 1316 1554 ali·

64 1586 283 1662 quando
330 1588 392 1645 {it
432 1586 769 1646 reclusurum
798 1632 812 1658 ‚
916 1587 1028 1645 dies
1080 1588 1321 1661 docebit,

64 1680 204 1739 malo
232 1683 411 1756 enim,
491 1681 645 1757 quod
690 1681 810 1738 Deo
849 1685 1016 1739 vitam
1067 1685 1323 1758 viresque

67 1771 429 1844 concedente,
479 1787 696 1848 tempus
745 1773 967 1848 aliaeque
1019 1779 1325 1854 occupatio-

1232 1885 1328 1925 nes

165 2079 218 2141 Ὀ
252 2079 382 2126 Nunc
401 2091 532 2126 coetus
547 2116 561 2136 ‚
594 2084 668 2146 qui
701 2079 877 2128 Christo
898 2084 944 2127 in
965 2094 1096 2146 pago,
1113 2081 1204 2143 agri
1235 2080 1347 2126 Ere·-

59 2231 62 2238 .
205 2161 385 2222 mensis,
417 2162 755 2221 menenfircben,
779 2160 1013 2230 colligitur,
1033 2156 1220 2209 Pastoris
1243 2161 1336 2207 Do-

151 2277 155 2282 -
204 2243 379 2294 &iffimi
395 2283 409 2303 ,
442 2243 689 2295 fidelissimi.
