1378 2392
0 103 8 107 -
167 90 286 155 cap
300 80 404 138 VII.
442 86 516 138 De
546 86 869 141 Tabernaculo.'
981 110 1043 159 45

39 237 169 290 wito
183 266 196 290 ‚
230 230 434 298 longum
457 245 535 283 20.
555 232 741 283 cubitos
764 236 808 285 &
830 236 978 287 latum
1000 254 1042 295 ς.

75 297 174 363 uod
220 296 483 347 secundum
520 298 819 351 latitudinem
866 304 1044 370 depen-

31 366 39 386 ‘'
72 369 179 424 em,
211 364 394 413 aditum
404 363 673 416 claudebat.
685 369 839 418 Exod.
853 372 1043 425 XXVII,

41 439 118 481 16.
137 431 455 481 &XXXVHL
483 442 558 489 18.
888 444 891 447 '

51 506 55 512 '
103 499 161 547 X.
204 500 395 546 interna
424 500 530 547 atrii
558 500 778 564 partitio,
831 502 879 550 in
913 502 1042 552 (acro
1060 520 1203 574 Divifio

35 564 217 626 Codice
244 580 343 613 non
369 564 599 625 traditur,
632 582 692 614 ex
723 571 1043 633 proportione
1059 576 1167 623 atrii,

32 627 198 681 autem
221 631 270 679 in
289 627 478 696 templo
494 631 739 682 observata
764 634 892 684 reete
913 635 1043 685 colli-

32 699 188 766 gitur,
219 698 317 746 inte
355 714 463 746 rum
493 700 665 747 atrium
698 701 746 747 in
774 701 889 750 duas
914 701 1042 766 quafi

35 772 198 832 partes
222 713 352 813 fuiss{
374 763 593 823 divisum,
617 766 678 813 ita
701 778 755 815 ut
774 776 861 832 p'er
879 770 1040 818 introi-

34 841 143 880 tum
165 831 451 897 ingredienti
482 829 631 880 {emet
662 831 814 881 statim
838 834 1040 900 spatium

35 897 244 948 subdiale
273 897 558 962 quadratum
585 914 645 958 50
666 899 939 950 cubitorum
968 901 1040 950 of-

35 963 201 1024 ferret,
214 963 328 1012 hinc
348 978 503 1031 porro
522 965 756 1030 inciperet
772 966 865 1032 ipsa
888 970 1040 1026 aede83

30 1026 101 1091 -έο
113 1029 300 1094 cubitos
321 1031 575 1096 proximos
600 1031 911 1146 longitudinis
923 1036 965 1084 8<
984 1051 1042 1084 10

34 1097 295 1161 latitudinis
321 1111 584 1163 occupans,
628 1114 679 1146 re
701 1101 948 1163 iquivero
978 1118 1042 1153 20

35 1162 183 1213 cubiti
202 1163 262 1211 ab
281 1173 489 1229 utroque
510 1163 656 1213 latere
677 1167 722 1215 &
742 1182 766 1214 a
782 1167 1038 1232 posteriori

35 1230 151 1279 aedis
184 1240 344 1296 parte,
401 1231 565 1279 demta
607 1241 794 1281 tantum
840 1233 1039 1284 affetum

34 1294 248 1354 craffitie,
273 1307 524 1345 manerent
544 1300 694 1347 vacui.
761 1301 939 1349 Utrum
963 1317 1039 1350 au-

28 1364 138 1412 tem
164 1360 366 1429 spatium
397 1364 606 1412 anterius
634 1364 924 1415 tabernaculi
946 1368 1042 1432 jam

33 1429 84 1478 in
113 1430 622 1491 atriusm'Sacerdoturn
655 1432 699 1480 Sc
725 1431 1043 1482 israelitarum

35 1493 512 1556 distinstum'fuerit,
574 1513 673 1545 non
704 1497 809 1548 satis
840 1500 1038 1560 constat,

32 1560 287 1628 probabile
314 1571 474 1611 tamen
509 1561 599 1623 est,
648 1565 782 1630 quod
817 1567 886 1615 uti
921 1566 1039 1615 nulli

33 1626 352 1678 Israelitarum
379 1629 438 1678 ad
465 1628 609 1677 altare
630 1667 643 1685 ,
695 1631 849 1680 multo
882 1634 1042 1682 minus

31 1695 106 1744 ad
126 1694 279 1744 aedem
310 1694 460 1760 ipsam
486 1696 711 1744 accedere
741 1696 936 1755 licebat,
975 1701 1040 1748 ita

30 1759 194 1809 &loca
211 1760 343 1810 altari
363 1762 550 1826 aedique
571 1764 796 1827 proxima
817 1764 925 1814 solis
944 1764 1042 1815 lan-

34 1816 200 1875 stuarii
226 1827 453 1882 ministris
494 1830 764 1894 patuerint,
820 1830 1039 1880 Israelitae

36 1900 196 1941 autem
230 1893 404 1943 in'i‘llis
446 1912 555 1959 quae
593 1897 810 1946 introitui
839 1900 1040 1964 propin·

35 1958 206 2022 quiora
223 1970 358 2009 erant
370 1998 382 2021 ,
417 1959 751 2011 substituerint.

102 2026 184 2074 XI.
234 2027 449 2076 Primum
500 2028 725 2078 vasorum
780 2028 1039 2091 sacrorum,
1057 2048 1227 2093 Altare„
1291 2065 1295 2068 «

25 2090 168 2154 quod
188 2090 237 2139 in
251 2093 411 2151 medio
431 2094 620 2143 circiter
642 2094 901 2145 latitudinis
920 2098 1040 2157 atrii,

24 2168 134 2229 ⁸uon
154 2157 402 2223 proculab
424 2159 522 2226 ipsa
541 2161 658 2219 aede,
689 2163 1038 2217 inveniebatur,

38 2237 43 2243 '
75 2231 79 2242 '
941 2239 1044 2277 erat
