1378 2392
110 414 267 471 Sacrifi-

113 471 209 509 cium
244 479 313 520 pro

105 531 275 577 peccato.

105 809 245 850 Eorum
275 811 334 852 di..

94 861 137 916 s
125 864 273 907 crimen.

273 941 296 958 'P

364 72 459 115 160
550 65 666 113 Pars
686 66 722 114 Ι.
755 62 830 114 De
857 62 990 114 Statu
1007 63 1195 131 Ecclest

359 204 512 255 causta
533 216 681 267 erant,
695 202 945 255 debitorum
967 221 1126 259 autern
1150 226 1243 261 una
1265 215 1369 263 avis

358 274 405 321 in
436 271 786 332 holocaustum,
834 274 977 323 altera
1009 276 1059 324 in
1082 276 1371 330 sacrificium·

358 354 451 407 pro
473 353 685 404 peccato,
721 340 932 388 cedebat.
1203 350 1205 353 ·

424 407 548 468 XlX.
582 406 867 467 Sacrificium
885 422 977 471 pro
991 418 1178 470 peccato
1199 418 1362 463 nxun

358 473 402 522 8(
422 471 626 540 οἱμαξτῖα
651 486 679 523 2
693 477 801 522 Cor.
818 476 867 520 V.
891 487 968 524 21.
999 484 1079 522 aut
1099 471 1194 539 περὶ
1216 467 1365 543 εἱμαρ-

357 540 455 593 τίοις
497 543 705 604 Interpr.
751 539 1085 588 Alexandrinis
1125 541 1169 590 8(
1214 544 1366 592 Paulo'

356 606 505 655 Hebr.
525 608 583 655 X.
623 615 664 663 8.
710 605 859 671 vulgo
891 604 1132 671 piaculare
1169 607 1360 669 dicitur,

354 673 465 736 quia
487 689 578 738 pro
601 684 795 738 peccato
821 670 1170 734 offerebantur,.
1194 674 1360 740 illique

352 738 592 804 expiando
614 738 911 788 inserviebat.
976 770 998 780 --

415 809 515 854 XX.
537 805 797 855 Discrimen
826 806 950 854 inter
970 801 1187 855 sacrificia
1204 802 1360 870 publi-

353 888 407 920 ca
436 873 479 922 8(
499 873 692 937 privata
716 876 764 920 in
784 871 880 921 hoc
909 887 1087 938 genere
1116 888 1175 920 eo
1202 886 1278 920 ma
1317 873 1355 921 is

350 939 725 998 attendendum,
782 955 880 1004 quo
940 939 1090 1004 magis
1143 936 1309 988 distin(
1332 953 1358 987 a

349 1018 673 1069 utrorumque
690 1005 808 1070 jura,
839 1018 939 1064 tam
957 1004 1115 1068 quoad
1140 1005 1357 1054 animalia

347 1072 527 1128 oblata,
558 1087 704 1136 quam
727 1072 887 1135 quoad
906 1068 1129 1136 personas
1151 1069 1357 1121 offeren-

346 1152 445 1199 τες,
481 1151 631 1188 erant.
698 1139 771 1186 Ad
803 1137 991 1203 publica
1022 1153 1120 1185 non
1149 1133 1235 1186 nisi
1261 1138 1356 1186 ani·

347 1207 485 1256 malia
530 1203 772 1254 masculini
802 1205 1013 1272 generiS,
1070 1203 1129 1252 ad
1168 1205 1353 1270 privata

345 1272 583 1322 foeminini
615 1270 947 1326 sumebantur,
981 1269 1058 1318 sed
1091 1270 1149 1318 ad
1184 1268 1356 1318 sacrifi-

343 1341 473 1388 cium
495 1339 752 1403 Pri-ncipis,
795 1337 981 1392 hircus,
1025 1337 1083 1385 ad
1111 1334 1354 1385 Pontificis

342 1406 498 1465 unffi,
531 1406 608 1453 die
646 1405 953 1470 expiationis,
998 1415 1078 1451 aut
1098 1402 1163 1451 ibi
1196 1404 1235 1451 is
1264 1418 1353 1468 per

341 1488 561 1521 errorem
596 1469 820 1537 peccasset
855 1482 1020 1518 contra
1053 1482 1351 1535 praeceptum

341 1540 647 1607 negativum,
714 1539 946 1602 juvencus
1000 1537 1351 1601 requirebatur.

339 1608 404 1655 Hi
458 1606 557 1654 duo
609 1620 806 1668 quoque
856 1603 1046 1668 juvenci
1092 1600 1351 1659 Pontificis‚

340 1671 425 1721 soli
443 1687 503 1720 ex
533 1672 760 1736 privatis,
795 1668 1050 1735 postquam
1078 1667 1351 1735 ablegmina

335 1740 387 1788 in
409 1738 543 1787 altari
565 1737 721 1786 oblata
742 1748 890 1793 erant,
925 1733 1350 1794 comburebantur,

334 1821 399 1854 ex
435 1803 637 1870 publicis
681 1815 841 1852 autem
870 1800 1030 1851 hircus
1065 1801 1160 1850 diei
1190 1801 1350 1867 expia-

333 1874 480 1920 tionis
507 1909 519 1930 ,
570 1870 691 1918 hirci
721 1869 785 1918 ob
810 1868 1130 1917 idololatriam
1152 1904 1164 1924 ,
1214 1867 1259 1917 8(
1285 1877 1347 1920 ἻΞ

331 1947 428 1993 ἼὲἾ
454 1930 624 2001 ΞΒὯΠ
659 1936 841 2000 reliqua
864 1946 962 1983 tam
984 1934 1176 2001 publica
1199 1949 1349 1998 quam

331 2006 519 2071 privata
570 2018 594 2052 a
641 2000 977 2051 Sacerdotibus
1029 1999 1347 2050 comedeban-

330 2083 435 2132 tur,
488 2081 542 2119 ut
578 2068 706 2118 infra
740 2068 1056 2118 videbimus.
1099 2069 1206 2124 Huc
1245 2064 1348 2131 spe-

329 2136 424 2190 &at
457 2136 713 2187 discrimen
752 2133 879 2201 apud
915 2135 1109 2199 judaeos
1141 2133 1343 2208 obyium

1212 2210 1340 2248 mter
