<?xml version="1.0" encoding="UTF-8"?>
<!DOCTYPE html PUBLIC "-//W3C//DTD XHTML 1.0 Transitional//EN"
    "http://www.w3.org/TR/xhtml1/DTD/xhtml1-transitional.dtd">
<html xmlns="http://www.w3.org/1999/xhtml" xml:lang="en" lang="en">
 <head>
  <title>
</title>
<meta http-equiv="Content-Type" content="text/html;charset=utf-8" />
  <meta name='ocr-system' content='tesseract 3.04.00' />
  <meta name='ocr-capabilities' content='ocr_page ocr_carea ocr_par ocr_line ocrx_word'/>
</head>
<body>
  <div class='ocr_page' id='page_1' title='image "./antiquitateshebr00iken_0519.png"; bbox 0 0 1378 2392; ppageno 0'>
   <div class='ocr_carea' id='block_1_1' title="bbox 147 93 1044 194">
    <p class='ocr_par' dir='ltr' id='par_1_1' title="bbox 147 93 1044 194">
     <span class='ocr_line' id='line_1_1' title="bbox 147 93 1044 194; baseline -0.006 -16"><span class='ocrx_word' id='word_1_1' title='bbox 147 128 263 194; x_wconf 82' lang='lat' dir='ltr'>Cap.</span> <span class='ocrx_word' id='word_1_2' title='bbox 287 127 325 176; x_wconf 89' lang='grc' dir='ltr'>Ι.</span> <span class='ocrx_word' id='word_1_3' title='bbox 363 123 438 176; x_wconf 84' lang='lat' dir='ltr'>De</span> <span class='ocrx_word' id='word_1_4' title='bbox 455 93 765 175; x_wconf 63' lang='lat' dir='ltr'>⁴Matrimom&#39;o</span> <span class='ocrx_word' id='word_1_5' title='bbox 783 123 880 176; x_wconf 58' lang='lat' dir='ltr'>&amp;aa</span> <span class='ocrx_word' id='word_1_6' title='bbox 948 142 1044 191; x_wconf 87' lang='lat'>499</span> 
     </span>
    </p>
   </div>
   <div class='ocr_carea' id='block_1_2' title="bbox 768 223 1037 236">
    <p class='ocr_par' dir='ltr' id='par_1_2' title="bbox 768 223 1037 236">
     <span class='ocr_line' id='line_1_2' title="bbox 768 223 1037 236; baseline 0 2156"><span class='ocrx_word' id='word_1_7' title='bbox 768 223 1037 236; x_wconf 95' lang='lat' dir='ltr'> </span> 
     </span>
    </p>
   </div>
   <div class='ocr_carea' id='block_1_3' title="bbox 33 221 316 235">
    <p class='ocr_par' dir='ltr' id='par_1_3' title="bbox 33 221 316 235">
     <span class='ocr_line' id='line_1_3' title="bbox 33 221 316 235; baseline 0 2157"><span class='ocrx_word' id='word_1_8' title='bbox 33 221 316 235; x_wconf 95' lang='lat' dir='ltr'> </span> 
     </span>
    </p>
   </div>
   <div class='ocr_carea' id='block_1_4' title="bbox 0 261 1280 2301">
    <p class='ocr_par' dir='ltr' id='par_1_4' title="bbox 0 261 1043 594">
     <span class='ocr_line' id='line_1_4' title="bbox 29 261 1043 328; baseline 0.001 -17"><span class='ocrx_word' id='word_1_9' title='bbox 29 264 322 328; x_wconf 68' lang='lat' dir='ltr'><strong>(ponuntur,</strong></span> <span class='ocrx_word' id='word_1_10' title='bbox 348 261 552 326; x_wconf 64' lang='lat' dir='ltr'>pretiosh</span> <span class='ocrx_word' id='word_1_11' title='bbox 573 261 688 309; x_wconf 84' lang='lat' dir='ltr'>vitta</span> <span class='ocrx_word' id='word_1_12' title='bbox 707 261 871 326; x_wconf 79' lang='lat' dir='ltr'>capiti,</span> <span class='ocrx_word' id='word_1_13' title='bbox 899 262 942 311; x_wconf 82' lang='lat'>&amp;</span> <span class='ocrx_word' id='word_1_14' title='bbox 963 279 1043 312; x_wconf 79' lang='lat' dir='ltr'>ve·</span> 
     </span>
     <span class='ocr_line' id='line_1_5' title="bbox 0 326 1037 392; baseline -0.002 -14"><span class='ocrx_word' id='word_1_15' title='bbox 0 371 13 377; x_wconf 73' lang='grc'><strong>,</strong></span> <span class='ocrx_word' id='word_1_16' title='bbox 25 328 129 378; x_wconf 87' lang='lat' dir='ltr'>lum</span> <span class='ocrx_word' id='word_1_17' title='bbox 144 326 291 375; x_wconf 85' lang='lat' dir='ltr'><strong>oculis</strong></span> <span class='ocrx_word' id='word_1_18' title='bbox 301 327 359 375; x_wconf 82' lang='lat' dir='ltr'>ad</span> <span class='ocrx_word' id='word_1_19' title='bbox 373 327 652 392; x_wconf 83' lang='lat' dir='ltr'>exemplum</span> <span class='ocrx_word' id='word_1_20' title='bbox 663 327 887 377; x_wconf 83' lang='lat' dir='ltr'>Rebeccae</span> <span class='ocrx_word' id='word_1_21' title='bbox 896 332 1037 388; x_wconf 87' lang='lat' dir='ltr'><strong>(Gen.</strong></span> 
     </span>
     <span class='ocr_line' id='line_1_6' title="bbox 25 394 1040 459; baseline 0 -15"><span class='ocrx_word' id='word_1_22' title='bbox 25 396 196 444; x_wconf 83' lang='lat' dir='ltr'><strong>XXIV.</strong></span> <span class='ocrx_word' id='word_1_23' title='bbox 232 396 342 455; x_wconf 80' lang='lat'><em>65.)</em></span> <span class='ocrx_word' id='word_1_24' title='bbox 391 394 672 459; x_wconf 88' lang='lat' dir='ltr'><strong>imponitur.</strong></span> <span class='ocrx_word' id='word_1_25' title='bbox 764 395 1040 459; x_wconf 86' lang='lat' dir='ltr'>Antiquitus</span> 
     </span>
     <span class='ocr_line' id='line_1_7' title="bbox 25 458 1038 525; baseline 0 -15"><span class='ocrx_word' id='word_1_26' title='bbox 25 461 170 510; x_wconf 82' lang='lat' dir='ltr'>etiam</span> <span class='ocrx_word' id='word_1_27' title='bbox 195 458 391 525; x_wconf 87' lang='lat' dir='ltr'><strong>sponsus</strong></span> <span class='ocrx_word' id='word_1_28' title='bbox 415 476 551 524; x_wconf 83' lang='lat' dir='ltr'>aeque</span> <span class='ocrx_word' id='word_1_29' title='bbox 579 475 632 508; x_wconf 86' lang='lat' dir='ltr'>ac</span> <span class='ocrx_word' id='word_1_30' title='bbox 659 458 827 525; x_wconf 84' lang='lat' dir='ltr'>sponsa</span> <span class='ocrx_word' id='word_1_31' title='bbox 848 476 1038 510; x_wconf 80' lang='lat' dir='ltr'><em>coronas</em></span> 
     </span>
     <span class='ocr_line' id='line_1_8' title="bbox 24 525 452 594; baseline 0 -20"><span class='ocrx_word' id='word_1_32' title='bbox 24 540 197 594; x_wconf 86' lang='lat' dir='ltr'><strong>gerere</strong></span> <span class='ocrx_word' id='word_1_33' title='bbox 226 525 452 574; x_wconf 86' lang='lat' dir='ltr'>solebant.</span> 
     </span>
    </p>

    <p class='ocr_par' dir='ltr' id='par_1_5' title="bbox 20 589 1280 1056">
     <span class='ocr_line' id='line_1_9' title="bbox 90 589 1280 665; baseline 0.003 -24"><span class='ocrx_word' id='word_1_34' title='bbox 90 595 200 641; x_wconf 87' lang='lat' dir='ltr'>XXI</span> <span class='ocrx_word' id='word_1_35' title='bbox 205 628 216 639; x_wconf 90' lang='lat'>.</span> <span class='ocrx_word' id='word_1_36' title='bbox 252 593 535 656; x_wconf 77' lang='lat' dir='ltr'><em>Nuptiarum</em></span> <span class='ocrx_word' id='word_1_37' title='bbox 552 589 780 654; x_wconf 84' lang='lat' dir='ltr'>solemnia</span> <span class='ocrx_word' id='word_1_38' title='bbox 798 591 922 655; x_wconf 84' lang='lat' dir='ltr'><em>fiunt</em></span> <span class='ocrx_word' id='word_1_39' title='bbox 950 592 1032 644; x_wconf 89' lang='lat' dir='ltr'>sub</span> <span class='ocrx_word' id='word_1_40' title='bbox 1046 611 1280 665; x_wconf 50' lang='lat' dir='ltr'><em>Nuptiarum</em></span> 
     </span>
     <span class='ocr_line' id='line_1_10' title="bbox 21 657 1277 725; baseline 0.001 -17"><span class='ocrx_word' id='word_1_41' title='bbox 21 659 106 708; x_wconf 86' lang='lat' dir='ltr'>dio</span> <span class='ocrx_word' id='word_1_42' title='bbox 126 660 174 707; x_wconf 89' lang='lat' dir='ltr'>in</span> <span class='ocrx_word' id='word_1_43' title='bbox 188 658 355 724; x_wconf 77' lang='lat' dir='ltr'>platea,</span> <span class='ocrx_word' id='word_1_44' title='bbox 367 669 445 707; x_wconf 81' lang='lat' dir='ltr'>aut</span> <span class='ocrx_word' id='word_1_45' title='bbox 457 657 763 724; x_wconf 65' lang='lat' dir='ltr'>praesentibus</span> <span class='ocrx_word' id='word_1_46' title='bbox 776 661 1032 710; x_wconf 86' lang='lat' dir='ltr'><strong>minimum</strong></span> <span class='ocrx_word' id='word_1_47' title='bbox 1038 665 1239 720; x_wconf 70' lang='lat' dir='ltr'>Jblemnia.</span> <span class='ocrx_word' id='word_1_48' title='bbox 1271 714 1277 725; x_wconf 39' lang='lat'><em>⁶</em></span> 
     </span>
     <span class='ocr_line' id='line_1_11' title="bbox 21 724 1034 790; baseline 0.003 -16"><span class='ocrx_word' id='word_1_49' title='bbox 21 728 66 774; x_wconf 88' lang='lat' dir='ltr'>X</span> <span class='ocrx_word' id='word_1_50' title='bbox 83 724 384 784; x_wconf 86' lang='lat' dir='ltr'>horninibus,</span> <span class='ocrx_word' id='word_1_51' title='bbox 411 726 455 774; x_wconf 85' lang='lat'>&amp;</span> <span class='ocrx_word' id='word_1_52' title='bbox 513 724 673 772; x_wconf 85' lang='lat' dir='ltr'>uidem</span> <span class='ocrx_word' id='word_1_53' title='bbox 695 725 984 790; x_wconf 85' lang='lat' dir='ltr'>plerumque</span> <span class='ocrx_word' id='word_1_54' title='bbox 1007 744 1034 778; x_wconf 86' lang='lat' dir='ltr'><strong>a</strong></span> 
     </span>
     <span class='ocr_line' id='line_1_12' title="bbox 21 790 1032 856; baseline 0 -15"><span class='ocrx_word' id='word_1_55' title='bbox 21 792 241 847; x_wconf 86' lang='lat' dir='ltr'>meridie,</span> <span class='ocrx_word' id='word_1_56' title='bbox 254 808 400 855; x_wconf 87' lang='lat' dir='ltr'>quem</span> <span class='ocrx_word' id='word_1_57' title='bbox 421 792 469 839; x_wconf 87' lang='lat' dir='ltr'>in</span> <span class='ocrx_word' id='word_1_58' title='bbox 528 807 639 839; x_wconf 88' lang='lat' dir='ltr'>nem</span> <span class='ocrx_word' id='word_1_59' title='bbox 659 790 1032 856; x_wconf 68' lang='lat' dir='ltr'>postquamfflm</span> 
     </span>
     <span class='ocr_line' id='line_1_13' title="bbox 21 855 1035 924; baseline 0.002 -17"><span class='ocrx_word' id='word_1_60' title='bbox 21 871 199 924; x_wconf 85' lang='lat' dir='ltr'>tegmen</span> <span class='ocrx_word' id='word_1_61' title='bbox 220 869 299 906; x_wconf 84' lang='lat' dir='ltr'>aut</span> <span class='ocrx_word' id='word_1_62' title='bbox 323 855 571 922; x_wconf 71' lang='lat' dir='ltr'><em>Conopeztm</em></span> <span class='ocrx_word' id='word_1_63' title='bbox 603 868 808 920; x_wconf 82' lang='lat' dir='ltr'>quatuor</span> <span class='ocrx_word' id='word_1_64' title='bbox 841 862 1035 924; x_wconf 80' lang='lat' dir='ltr'>perticis</span> 
     </span>
     <span class='ocr_line' id='line_1_14' title="bbox 23 923 1035 988; baseline 0.002 -15"><span class='ocrx_word' id='word_1_65' title='bbox 23 923 199 973; x_wconf 86' lang='lat' dir='ltr'>fultum</span> <span class='ocrx_word' id='word_1_66' title='bbox 223 939 247 972; x_wconf 80' lang='lat' dir='ltr'>a</span> <span class='ocrx_word' id='word_1_67' title='bbox 266 924 470 971; x_wconf 86' lang='lat' dir='ltr'>totidem</span> <span class='ocrx_word' id='word_1_68' title='bbox 491 925 648 988; x_wconf 84' lang='lat' dir='ltr'>pueris</span> <span class='ocrx_word' id='word_1_69' title='bbox 671 925 726 971; x_wconf 79' lang='lat' dir='ltr'>ad</span> <span class='ocrx_word' id='word_1_70' title='bbox 747 923 906 973; x_wconf 81' lang='lat' dir='ltr'>locum</span> <span class='ocrx_word' id='word_1_71' title='bbox 923 942 1035 975; x_wconf 87' lang='lat' dir='ltr'>con-</span> 
     </span>
     <span class='ocr_line' id='line_1_15' title="bbox 20 989 1031 1056; baseline 0.002 -16"><span class='ocrx_word' id='word_1_72' title='bbox 20 989 239 1041; x_wconf 81' lang='lat' dir='ltr'>stitutum</span> <span class='ocrx_word' id='word_1_73' title='bbox 263 989 330 1038; x_wconf 89' lang='lat' dir='ltr'>est</span> <span class='ocrx_word' id='word_1_74' title='bbox 349 990 576 1046; x_wconf 81' lang='lat' dir='ltr'>delatum,</span> <span class='ocrx_word' id='word_1_75' title='bbox 597 989 794 1054; x_wconf 83' lang='lat' dir='ltr'>sponsus</span> <span class='ocrx_word' id='word_1_76' title='bbox 814 992 1031 1056; x_wconf 82' lang='lat' dir='ltr'><strong>primum</strong></span> 
     </span>
    </p>

    <p class='ocr_par' dir='ltr' id='par_1_6' title="bbox 0 1056 1113 1576">
     <span class='ocr_line' id='line_1_16' title="bbox 0 1056 1032 1121; baseline 0.002 -15"><span class='ocrx_word' id='word_1_77' title='bbox 0 1072 132 1106; x_wconf 81' lang='lat' dir='ltr'><strong>’cum</strong></span> <span class='ocrx_word' id='word_1_78' title='bbox 151 1056 265 1104; x_wconf 90' lang='lat' dir='ltr'>viris</span> <span class='ocrx_word' id='word_1_79' title='bbox 288 1056 533 1121; x_wconf 85' lang='lat' dir='ltr'>prodiens,</span> <span class='ocrx_word' id='word_1_80' title='bbox 557 1072 774 1120; x_wconf 86' lang='lat' dir='ltr'>moxque</span> <span class='ocrx_word' id='word_1_81' title='bbox 795 1075 906 1105; x_wconf 84' lang='lat' dir='ltr'>cum</span> <span class='ocrx_word' id='word_1_82' title='bbox 928 1075 1032 1109; x_wconf 89' lang='lat' dir='ltr'>mu-</span> 
     </span>
     <span class='ocr_line' id='line_1_17' title="bbox 18 1121 1031 1181; baseline 0.002 -9"><span class='ocrx_word' id='word_1_83' title='bbox 18 1121 232 1181; x_wconf 85' lang='lat' dir='ltr'>lieribus,</span> <span class='ocrx_word' id='word_1_84' title='bbox 245 1122 379 1175; x_wconf 76' lang='lat' dir='ltr'>reson</span> <span class='ocrx_word' id='word_1_85' title='bbox 386 1122 571 1170; x_wconf 79' lang='lat' dir='ltr'>antibus</span> <span class='ocrx_word' id='word_1_86' title='bbox 590 1121 915 1172; x_wconf 86' lang='lat' dir='ltr'>instrumentis</span> <span class='ocrx_word' id='word_1_87' title='bbox 927 1142 1031 1174; x_wconf 87' lang='lat' dir='ltr'>mu-</span> 
     </span>
     <span class='ocr_line' id='line_1_18' title="bbox 17 1185 1028 1255; baseline 0.003 -17"><span class='ocrx_word' id='word_1_88' title='bbox 17 1185 144 1248; x_wconf 75' lang='lat' dir='ltr'>slciS,</span> <span class='ocrx_word' id='word_1_89' title='bbox 178 1187 379 1253; x_wconf 75' lang='lat' dir='ltr'>sequens</span> <span class='ocrx_word' id='word_1_90' title='bbox 408 1187 595 1253; x_wconf 57' lang='lat' dir='ltr'><strong>sponse,</strong></span> <span class='ocrx_word' id='word_1_91' title='bbox 634 1187 719 1237; x_wconf 90' lang='lat' dir='ltr'>sub</span> <span class='ocrx_word' id='word_1_92' title='bbox 750 1201 947 1255; x_wconf 87' lang='lat' dir='ltr'>tegmen</span> <span class='ocrx_word' id='word_1_93' title='bbox 976 1191 1028 1240; x_wconf 87' lang='lat' dir='ltr'>il·</span> 
     </span>
     <span class='ocr_line' id='line_1_19' title="bbox 19 1254 1027 1306; baseline 0.002 -2"><span class='ocrx_word' id='word_1_94' title='bbox 19 1254 112 1305; x_wconf 84' lang='lat' dir='ltr'><strong>lud.</strong></span> <span class='ocrx_word' id='word_1_95' title='bbox 131 1257 258 1304; x_wconf 83' lang='lat' dir='ltr'>inter</span> <span class='ocrx_word' id='word_1_96' title='bbox 284 1255 472 1304; x_wconf 83' lang='lat' dir='ltr'>votivas</span> <span class='ocrx_word' id='word_1_97' title='bbox 504 1254 909 1305; x_wconf 80' lang='lat' dir='ltr'>circumstantium</span> <span class='ocrx_word' id='word_1_98' title='bbox 953 1273 1027 1306; x_wconf 75' lang='lat' dir='ltr'>ac·</span> 
     </span>
     <span class='ocr_line' id='line_1_20' title="bbox 19 1320 1030 1392; baseline 0.001 -21"><span class='ocrx_word' id='word_1_99' title='bbox 19 1320 324 1371; x_wconf 77' lang='lat' dir='ltr'>clamationes</span> <span class='ocrx_word' id='word_1_100' title='bbox 352 1329 486 1374; x_wconf 66' lang='grc' dir='ltr'>ΝΞΠ</span> <span class='ocrx_word' id='word_1_101' title='bbox 515 1330 628 1392; x_wconf 65' lang='lat'>777:</span> <span class='ocrx_word' id='word_1_102' title='bbox 658 1320 922 1372; x_wconf 78' lang='lat' dir='ltr'>Benedic&#39;l&#39;us</span> <span class='ocrx_word' id='word_1_103' title='bbox 949 1326 1030 1390; x_wconf 76' lang='lat' dir='ltr'>qui</span> 
     </span>
     <span class='ocr_line' id='line_1_21' title="bbox 17 1386 1030 1454; baseline 0.003 -18"><span class='ocrx_word' id='word_1_104' title='bbox 17 1386 174 1436; x_wconf 75' lang='lat' dir='ltr'>venit!</span> <span class='ocrx_word' id='word_1_105' title='bbox 227 1387 271 1435; x_wconf 88' lang='lat' dir='ltr'>se</span> <span class='ocrx_word' id='word_1_106' title='bbox 305 1387 584 1444; x_wconf 84' lang='lat' dir='ltr'>conferunt,</span> <span class='ocrx_word' id='word_1_107' title='bbox 625 1400 730 1435; x_wconf 89' lang='lat' dir='ltr'>tum</span> <span class='ocrx_word' id='word_1_108' title='bbox 765 1388 929 1454; x_wconf 80' lang='lat' dir='ltr'>sponsa</span> <span class='ocrx_word' id='word_1_109' title='bbox 954 1403 1030 1439; x_wconf 83' lang='lat' dir='ltr'>ter</span> 
     </span>
     <span class='ocr_line' id='line_1_22' title="bbox 17 1452 1029 1520; baseline 0.004 -18"><span class='ocrx_word' id='word_1_110' title='bbox 17 1455 144 1503; x_wconf 81' lang='lat' dir='ltr'>circa</span> <span class='ocrx_word' id='word_1_111' title='bbox 173 1452 396 1520; x_wconf 84' lang='lat' dir='ltr'>sponsum</span> <span class='ocrx_word' id='word_1_112' title='bbox 418 1455 462 1502; x_wconf 86' lang='grc'>8(</span> <span class='ocrx_word' id='word_1_113' title='bbox 486 1453 629 1502; x_wconf 88' lang='lat' dir='ltr'>semel</span> <span class='ocrx_word' id='word_1_114' title='bbox 659 1453 715 1502; x_wconf 85' lang='lat' dir='ltr'>ab</span> <span class='ocrx_word' id='word_1_115' title='bbox 748 1457 921 1504; x_wconf 87' lang='lat' dir='ltr'>eodem</span> <span class='ocrx_word' id='word_1_116' title='bbox 941 1459 1029 1506; x_wconf 85' lang='lat' dir='ltr'>cir-</span> 
     </span>
     <span class='ocr_line' id='line_1_23' title="bbox 18 1518 1029 1576; baseline 0.001 -6"><span class='ocrx_word' id='word_1_117' title='bbox 18 1520 346 1576; x_wconf 82' lang='lat' dir='ltr'>cumducitur,</span> <span class='ocrx_word' id='word_1_118' title='bbox 379 1518 665 1568; x_wconf 82' lang='lat' dir='ltr'>adstantibus</span> <span class='ocrx_word' id='word_1_119' title='bbox 686 1519 793 1570; x_wconf 85' lang='lat' dir='ltr'>illos</span> <span class='ocrx_word' id='word_1_120' title='bbox 813 1521 1029 1571; x_wconf 86' lang='lat' dir='ltr'>frumen-</span> 
     </span>
    </p>

    <p class='ocr_par' dir='ltr' id='par_1_7' title="bbox 14 1586 1029 1784">
     <span class='ocr_line' id='line_1_24' title="bbox 14 1586 1029 1653; baseline 0.003 -17"><span class='ocrx_word' id='word_1_121' title='bbox 14 1596 94 1647; x_wconf 85' lang='lat' dir='ltr'>to,</span> <span class='ocrx_word' id='word_1_122' title='bbox 138 1588 212 1635; x_wconf 88' lang='lat' dir='ltr'>cui</span> <span class='ocrx_word' id='word_1_123' title='bbox 244 1586 498 1650; x_wconf 78' lang='lat' dir='ltr'>aliquando</span> <span class='ocrx_word' id='word_1_124' title='bbox 526 1597 778 1653; x_wconf 79' lang='lat' dir='ltr'>argentum</span> <span class='ocrx_word' id='word_1_125' title='bbox 809 1589 857 1636; x_wconf 89' lang='lat' dir='ltr'>in</span> <span class='ocrx_word' id='word_1_126' title='bbox 891 1589 1029 1639; x_wconf 84' lang='lat' dir='ltr'>usum</span> 
     </span>
     <span class='ocr_line' id='line_1_25' title="bbox 53 1653 1028 1721; baseline 0.002 -18"><span class='ocrx_word' id='word_1_127' title='bbox 53 1668 286 1719; x_wconf 81' lang='lat' dir='ltr'>auperum</span> <span class='ocrx_word' id='word_1_128' title='bbox 317 1654 619 1708; x_wconf 84' lang='lat' dir='ltr'><strong>immixtum,</strong></span> <span class='ocrx_word' id='word_1_129' title='bbox 673 1653 1028 1721; x_wconf 83' lang='lat' dir='ltr'>conspergenti-</span> 
     </span>
     <span class='ocr_line' id='line_1_26' title="bbox 52 1718 1028 1784; baseline 0.001 -16"><span class='ocrx_word' id='word_1_130' title='bbox 52 1735 131 1776; x_wconf 84' lang='lat' dir='ltr'>us,</span> <span class='ocrx_word' id='word_1_131' title='bbox 173 1718 579 1783; x_wconf 77' lang='lat' dir='ltr'>clamamibusque</span> <span class='ocrx_word' id='word_1_132' title='bbox 610 1730 702 1773; x_wconf 54' lang='lat'>⁹:57</span> <span class='ocrx_word' id='word_1_133' title='bbox 736 1731 812 1774; x_wconf 70' lang='grc' dir='ltr'>ΊἾΒ</span> <span class='ocrx_word' id='word_1_134' title='bbox 847 1720 1028 1784; x_wconf 78' lang='lat' dir='ltr'><em>crescite</em></span> 
     </span>
    </p>

    <p class='ocr_par' dir='ltr' id='par_1_8' title="bbox 108 1783 1025 1852">
     <span class='ocr_line' id='line_1_27' title="bbox 108 1783 1025 1852; baseline 0.003 -18"><span class='ocrx_word' id='word_1_135' title='bbox 108 1783 496 1851; x_wconf 82' lang='lat' dir='ltr'><em>multiplicamini.</em></span> <span class='ocrx_word' id='word_1_136' title='bbox 599 1788 720 1834; x_wconf 82' lang='lat' dir='ltr'>Mox</span> <span class='ocrx_word' id='word_1_137' title='bbox 756 1785 920 1852; x_wconf 75' lang='lat' dir='ltr'>sponsa</span> <span class='ocrx_word' id='word_1_138' title='bbox 965 1787 1025 1837; x_wconf 83' lang='lat' dir='ltr'>ad</span> 
     </span>
    </p>

    <p class='ocr_par' dir='ltr' id='par_1_9' title="bbox 53 1849 1025 1918">
     <span class='ocr_line' id='line_1_28' title="bbox 53 1849 1025 1918; baseline 0.003 -18"><span class='ocrx_word' id='word_1_139' title='bbox 53 1862 238 1901; x_wconf 80' lang='lat' dir='ltr'>extram</span> <span class='ocrx_word' id='word_1_140' title='bbox 267 1849 448 1918; x_wconf 81' lang='lat' dir='ltr'><strong>sponsl,</strong></span> <span class='ocrx_word' id='word_1_141' title='bbox 491 1850 751 1901; x_wconf 85' lang='lat' dir='ltr'>secundum</span> <span class='ocrx_word' id='word_1_142' title='bbox 783 1852 852 1902; x_wconf 90' lang='lat' dir='ltr'>Ps.</span> <span class='ocrx_word' id='word_1_143' title='bbox 878 1857 1025 1904; x_wconf 90' lang='lat' dir='ltr'>XLV.</span> 
     </span>
    </p>

    <p class='ocr_par' dir='ltr' id='par_1_10' title="bbox 50 1917 1026 1983">
     <span class='ocr_line' id='line_1_29' title="bbox 50 1917 1026 1983; baseline 0.003 -17"><span class='ocrx_word' id='word_1_144' title='bbox 50 1932 96 1966; x_wconf 91' lang='lat'>0.</span> <span class='ocrx_word' id='word_1_145' title='bbox 129 1917 298 1977; x_wconf 80' lang='lat' dir='ltr'>stante,</span> <span class='ocrx_word' id='word_1_146' title='bbox 333 1919 394 1967; x_wconf 85' lang='lat' dir='ltr'>ita</span> <span class='ocrx_word' id='word_1_147' title='bbox 416 1931 468 1967; x_wconf 89' lang='lat' dir='ltr'>ut</span> <span class='ocrx_word' id='word_1_148' title='bbox 491 1918 741 1983; x_wconf 86' lang='lat' dir='ltr'>utriusque</span> <span class='ocrx_word' id='word_1_149' title='bbox 761 1917 901 1969; x_wconf 82' lang='lat' dir='ltr'>facies</span> <span class='ocrx_word' id='word_1_150' title='bbox 926 1937 1026 1969; x_wconf 85' lang='lat' dir='ltr'>me-</span> 
     </span>
    </p>

    <p class='ocr_par' dir='ltr' id='par_1_11' title="bbox 8 1983 1026 2050">
     <span class='ocr_line' id='line_1_30' title="bbox 8 1983 1026 2050; baseline 0.003 -18"><span class='ocrx_word' id='word_1_151' title='bbox 8 2020 10 2022; x_wconf 24' lang='lat'>*</span> <span class='ocrx_word' id='word_1_152' title='bbox 41 1983 151 2032; x_wconf 86' lang='lat' dir='ltr'>idiei</span> <span class='ocrx_word' id='word_1_153' title='bbox 170 1983 382 2045; x_wconf 74' lang='lat' dir='ltr'>observa,</span> <span class='ocrx_word' id='word_1_154' title='bbox 398 1984 639 2034; x_wconf 81' lang='lat' dir='ltr'>Rabbinus</span> <span class='ocrx_word' id='word_1_155' title='bbox 659 1986 908 2050; x_wconf 83' lang='lat' dir='ltr'>utriusque</span> <span class='ocrx_word' id='word_1_156' title='bbox 927 2002 1026 2035; x_wconf 85' lang='lat' dir='ltr'>ma-</span> 
     </span>
    </p>

    <p class='ocr_par' dir='ltr' id='par_1_12' title="bbox 30 2045 1026 2116">
     <span class='ocr_line' id='line_1_31' title="bbox 30 2045 1026 2116; baseline 0.004 -18"><span class='ocrx_word' id='word_1_157' title='bbox 30 2067 104 2098; x_wconf 73' lang='grc' dir='ltr'>,υς</span> <span class='ocrx_word' id='word_1_158' title='bbox 134 2051 314 2116; x_wconf 83' lang='lat' dir='ltr'>jungit,</span> <span class='ocrx_word' id='word_1_159' title='bbox 359 2052 660 2100; x_wconf 81' lang='lat' dir='ltr'>extremitate</span> <span class='ocrx_word' id='word_1_160' title='bbox 700 2045 829 2104; x_wconf 59' lang='lat' dir='ltr'>57⁹th</span> <span class='ocrx_word' id='word_1_161' title='bbox 861 2052 895 2100; x_wconf 66' lang='lat' dir='ltr'>sl</span> <span class='ocrx_word' id='word_1_162' title='bbox 930 2053 1026 2102; x_wconf 88' lang='lat' dir='ltr'>veli</span> 
     </span>
    </p>

    <p class='ocr_par' dir='ltr' id='par_1_13' title="bbox 38 2115 1024 2183">
     <span class='ocr_line' id='line_1_32' title="bbox 38 2115 1024 2183; baseline 0.001 -18"><span class='ocrx_word' id='word_1_163' title='bbox 38 2119 177 2179; x_wconf 65' lang='lat' dir='ltr'>mv.</span> <span class='ocrx_word' id='word_1_164' title='bbox 190 2116 406 2180; x_wconf 65' lang='lat' dir='ltr'><strong>§.xxm</strong></span> <span class='ocrx_word' id='word_1_165' title='bbox 419 2115 573 2183; x_wconf 82' lang='lat' dir='ltr'>sponsi</span> <span class='ocrx_word' id='word_1_166' title='bbox 588 2117 713 2166; x_wconf 87' lang='lat' dir='ltr'>collo</span> <span class='ocrx_word' id='word_1_167' title='bbox 728 2117 1024 2179; x_wconf 82' lang='lat' dir='ltr'>circumdati,</span> 
     </span>
    </p>

    <p class='ocr_par' dir='ltr' id='par_1_14' title="bbox 67 2183 1023 2301">
     <span class='ocr_line' id='line_1_33' title="bbox 67 2183 1023 2300; baseline -0.001 -67"><span class='ocrx_word' id='word_1_168' title='bbox 67 2195 158 2249; x_wconf 87' lang='lat' dir='ltr'>put</span> <span class='ocrx_word' id='word_1_169' title='bbox 175 2183 354 2250; x_wconf 72' lang='lat' dir='ltr'>sponsse</span> <span class='ocrx_word' id='word_1_170' title='bbox 377 2187 537 2300; x_wconf 58' lang='lat' dir='ltr'>ope1iit</span> <span class='ocrx_word' id='word_1_171' title='bbox 558 2183 618 2233; x_wconf 79' lang='lat' dir='ltr'>ad</span> <span class='ocrx_word' id='word_1_172' title='bbox 639 2183 919 2251; x_wconf 84' lang='lat' dir='ltr'>exemplum</span> <span class='ocrx_word' id='word_1_173' title='bbox 933 2186 1023 2298; x_wconf 45' lang='lat' dir='ltr'>Iliu-</span> 
     </span>
     <span class='ocr_line' id='line_1_34' title="bbox 481 2251 1020 2301; baseline -0.002 0"><span class='ocrx_word' id='word_1_174' title='bbox 481 2265 485 2269; x_wconf 83' lang='lat'>·</span> <span class='ocrx_word' id='word_1_175' title='bbox 524 2251 539 2300; x_wconf 91' lang='lat' dir='ltr'>i</span> <span class='ocrx_word' id='word_1_176' title='bbox 582 2265 613 2301; x_wconf 78' lang='lat'><em>2</em></span> <span class='ocrx_word' id='word_1_177' title='bbox 922 2260 942 2299; x_wconf 86' lang='lat' dir='ltr'><strong>t</strong></span> <span class='ocrx_word' id='word_1_178' title='bbox 981 2267 1020 2300; x_wconf 84' lang='lat' dir='ltr'>ae</span> 
     </span>
    </p>
   </div>
   <div class='ocr_carea' id='block_1_5' title="bbox 0 1250 67 2392">
    <p class='ocr_par' dir='ltr' id='par_1_15' title="bbox 0 1250 67 2392">
     <span class='ocr_line' id='line_1_35' title="bbox 0 1250 13 1554; baseline 0 0"><span class='ocrx_word' id='word_1_179' title='bbox 0 1250 13 1554; x_wconf 95' lang='lat' dir='ltr'>    </span> 
     </span>
     <span class='ocr_line' id='line_1_36' title="bbox 0 1554 50 1755; baseline 0 -150"><span class='ocrx_word' id='word_1_180' title='bbox 0 1554 50 1755; x_wconf 95' lang='lat' dir='ltr'>   </span> 
     </span>
     <span class='ocr_line' id='line_1_37' title="bbox 7 1755 53 1950; baseline 0 -135"><span class='ocrx_word' id='word_1_181' title='bbox 7 1755 53 1950; x_wconf 95' lang='lat' dir='ltr'>   </span> 
     </span>
     <span class='ocr_line' id='line_1_38' title="bbox 10 1950 41 2081; baseline 0 0"><span class='ocrx_word' id='word_1_182' title='bbox 10 1950 41 2081; x_wconf 95' lang='lat' dir='ltr'>   </span> 
     </span>
     <span class='ocr_line' id='line_1_39' title="bbox 14 2081 38 2217; baseline 0 0"><span class='ocrx_word' id='word_1_183' title='bbox 14 2081 38 2217; x_wconf 95' lang='lat' dir='ltr'>   </span> 
     </span>
     <span class='ocr_line' id='line_1_40' title="bbox 21 2217 67 2392; baseline 0 0"><span class='ocrx_word' id='word_1_184' title='bbox 21 2217 67 2392; x_wconf 95' lang='lat' dir='ltr'>  </span> 
     </span>
    </p>
   </div>
  </div>
 </body>
</html>
