1378 2392
118 537 285 576 Circum.

106 590 261 647 stfmtiae

117 656 210 696 ejus.

108 1370 280 1423 p-gainam

97 1424 299 1476 flagellan-

106 1478 176 1516 di?

363 83 459 136 4¹2⁶
544 73 656 122 Pars
679 77 737 126 II.
767 73 843 125 De
854 73 986 125 Statu
1004 73 1226 130 Politico.'

361 215 578 266 referunt
618 226 822 287 :napy
860 216 1140 283 scorpiones.
1201 237 1221 271 1
1249 223 1366 288 Reg.

361 285 465 332 XII.
485 300 503 332 1
518 300 559 333 1.
593 286 772 331 Verum
795 283 868 331 alii
891 301 1078 334 morem
1096 286 1224 336 hunc
1237 289 1366 354 apud

361 350 552 414 Judaeos
578 350 627 397 in
659 348 742 397 usu
772 348 902 398 fuisse
934 363 1185 418 negantes,
1220 354 1368 404 verba

360 416 689 481 metaphorice
709 417 981 481 accipienda
1002 417 1088 467 effe
1116 418 1322 470 censent.

428 522 621 569 XXXII.
652 517 818 567 Fiebat
843 515 1097 584 flagellatio
1129 518 1232 570 haec
1266 535 1366 568 non

364 589 517 639 solum
546 588 595 635 in
625 585 723 633 aliis
757 585 1008 634 ordinariis
1033 585 1193 650 judicii
1233 585 1364 646 locis,

358 655 439 705 sed
450 655 493 703 8(
506 654 554 702 in
565 652 829 717 synagogis
843 650 1014 700 Matth.
1026 654 1082 701 X.
1100 669 1118 702 1
1128 669 1170 713 7.
1191 655 1363 701 XXIII.

362 718 963 784 37.Ast.xx11.19.&
990 721 1173 766 xxvl.
1205 735 1279 767 11.
1318 719 1364 768 8<

360 787 559 854 quidem
601 799 661 833 ex
692 783 917 833 sententia
950 785 996 834 &
1025 785 1073 833 in
1107 783 1363 849 conspefi'cu

355 856 504 906 trium
531 851 769 918 judicum,
816 849 945 900 conf.
975 853 1111 901 Deut.
1141 853 1283 900 XXV.
1315 867 1360 902 2.

359 936 570 987 quorum
612 933 733 966 unus
774 916 999 966 recitabat
1041 917 1186 966 verba
1219 919 1356 967 Deut.

354 988 562 1038 XXVIII.
584 994 659 1046 58.
693 982 923 1032 secundus
951 982 1112 1051 plagas
1141 999 1359 1032 numera·

354 1056 462 1109 bat,
493 1053 662 1101 tertius
694 1049 963 1099 ministrum
983 1052 1127 1099 ferire
1152 1049 1357 1116 jubebat,

352 1122 562 1184 denique
589 1118 774 1184 primus
812 1116 932 1165 affui
961 1115 1072 1166 huic
1103 1114 1247 1165 finem
1272 1117 1358 1164 im-

350 1187 563 1256 ponebat
599 1183 760 1234 verbis
790 1181 860 1232 Ps.
891 1185 1146 1232 LXXVIII.
1181 1191 1255 1244 38.
1299 1181 1357 1231 θ’

348 1254 608 1320 ‚mifiricors
632 1247 840 1316 expiabit
863 1251 1164 1315 iniquitatem.

414 1354 771 1404 XXX111.·Non
795 1361 897 1399 erat
924 1364 1065 1416 poena
1097 1349 1201 1399 haec
1238 1348 1356 1399 infa-

353 1424 471 1483 mis,
505 1421 634 1470 unde
664 1420 709 1469 8(
729 1418 829 1466 Viri
853 1416 1047 1472 summi,
1082 1414 1176 1465 {ine
1204 1414 1358 1484 digni-

352 1490 461 1538 tatis
514 1487 805 1536 detrimento
862 1483 929 1532 illi
975 1482 1355 1548 subjiciebantur.

349 1554 527 1607 Deiista
555 1563 715 1602 autem
743 1551 808 1600 ob
839 1567 946 1615 quae
962 1549 1130 1613 aliquis
1147 1546 1355 1616 flagella·

346 1625 530 1672 tionem
582 1617 786 1674 subibat,
840 1617 989 1681 Judaei
1026 1618 1149 1664 XXI
1186 1626 1354 1665 contra

354 1698 652 1756 praeceptum
686 1684 881 1748 aliquod
911 1683 1187 1748 negativum
1222 1698 1354 1730 corn-

352 1754 503 1813 miss'a,
554 1751 686 1817 quod
730 1766 923 1817 poenam
962 1760 1059 1802 na:
1099 1747 1131 1798 fi
1163 1746 1349 1807 excidii,

348 1824 504 1871 XVIII
538 1831 703 1869 contra
736 1827 1032 1883 praeceptum
1073 1815 1353 1881 negativum

349 1887 483 1953 quod
513 1896 724 1936 mortem
751 1875 974 1938 ὃεῆλατον,
1027 1883 1071 1931 8(
1114 1881 1353 1930 CLXVIII

350 1965 517 2004 contra
550 1962 848 2019 praeceptum
878 1949 1182 2014 negativum,
1214 1945 1353 2012 quod

348 2038 436 2070 nec
466 2034 660 2087 poenam
687 2016 882 2075 excidii,
918 2031 1007 2063 nec
1027 2013 1221 2080 capitale
1246 2011 1354 2078 sup·

346 2087 547 2154 plicium
589 2086 637 2134 in
673 2084 784 2133 foro
818 2082 1030 2131 humano
1061 2079 1352 2138 merebatur,

342 2167 486 2222 atque
506 2152 627 2204 adeo
648 2153 698 2204 in
719 2147 993 2201 universum
1004 2150 1164 2198 CCVII
1185 2161 1352 2196 nume-

1226 2221 1350 2272 rant,
