1378 2392
98 282 236 323 Eorum

98 335 300 386 combustio.

90 1133 244 1175 ohtam

84 1198 229 1242 panum

89 1241 305 1302 propositio-

90 1307 164 1341 Cu,

343 124 438 185 2024
535 119 650 172 Pars
670 124 707 174 Ι.
743 121 817 174 De
838 122 971 175 Statu
982 122 1166 191 Ecclqfi'

347 221 447 228 —no

406 264 530 312 XXI.
567 264 688 326 Quae
707 263 840 314 altari
861 263 1085 314 destinata
1111 262 1207 315 sive
1233 266 1351 316 inte-

340 341 425 392 gra
449 327 592 387 ferta,
627 329 722 380 five
741 331 852 380 inde
870 332 1049 379 exemti
1069 332 1253 398 pugilli,
1289 351 1361 383 eo·

340 409 430 459 per
458 398 735 446 Sacerdotes
762 396 1108 458 afferebantur,
1150 397 1195 447 &
1220 399 1344 463 post-

342 478 488 525 quam
527 474 690 518 rmmn
719 474 864 517 ww:
897 465 946 511 in
986 465 1148 512 vertice
1182 463 1349 515 altaris

338 529 496 592 probe
525 527 650 578 salita
679 533 847 594 (quem
877 531 925 577 in
953 528 1097 578 finem
1130 532 1348 582 nonnulli

338 597 388 643 in
413 596 511 660 ejus
533 594 802 662 superficie,
836 612 993 660 prope
1011 596 1237 664 angulum
1260 614 1345 646 no-

337 661 714 728 tozephyrinum
730 700 742 722 ‚
787 662 1074 727 peculiarem
1097 664 1343 714 cumulum

340 727 442 777 salis
463 728 716 789 collocant)
750 727 861 777 foco
885 729 1041 777 altaris
1072 730 1238 778 eadem
1274 747 1343 780 ra-

336 796 470 843 tione
501 806 554 845 ut
594 806 751 861 partes
782 795 1084 844 vistimarum
1117 797 1344 845 immitte-

338 861 526 911 bantur.
597 863 739 926 Quod
762 859 794 910 si
815 862 932 927 quid
955 861 1047 911 olei
1084 878 1142 911 ex
1164 863 1341 930 laganis

337 927 578 977 sertorum
612 929 946 988 Sacerdotum,
991 940 1069 977 aut
1101 931 1238 978 Pont.
1267 933 1338 980 M.

335 992 567 1043 mansisset
587 994 849 1059 reliquum,
883 996 1010 1044 idem
1046 1013 1242 1061 quoque
1273 996 1341 1046 su·

334 1077 423 1127 pra
442 1063 603 1127 ignem
625 1061 805 1110 effundi
827 1061 1018 1111 [olebat.

402 1128 701 1178 XXlLPanes
709 1127 1029 1194 propofitionis
1047 1127 1131 1176 alia
1157 1129 1339 1178 ratione

333 1196 432 1244 Deo
453 1193 799 1244 offerebantur:
829 1194 1004 1243 Icilicet
1026 1192 1218 1261 singulis
1231 1196 1340 1244 Sab-

333 1261 488 1311 bathis
517 1261 625 1310 osto
656 1261 934 1310 Sacerdotes
962 1262 1200 1310 intrabant
1228 1265 1338 1310 San-

335 1328 491 1387 stmn,
542 1344 752 1393 quorum
790 1338 996 1392 quatuor
1029 1330 1152 1376 circa
1189 1343 1335 1394 panes

334 1406 550 1444 recentes
573 1394 810 1460 occupati,
842 1395 905 1443 ita
923 1404 974 1442 ut
996 1394 1093 1443 duo
1115 1395 1336 1461 geminos

330 1478 502 1510 eorum
536 1462 757 1520 ordines,
805 1476 1016 1526 quorum
1050 1459 1216 1526 {iuguli
1248 1463 1336 1511 'sex

330 1529 534 1595 panibus
565 1527 865 1587 constabant,
907 1527 1004 1575 duo
1025 1527 1098 1576 alii
1121 1528 1335 1594 geminas

332 1611 542 1644 accerras
578 1594 733 1643 thuris
766 1605 1011 1660 gerentes,
1064 1595 1123 1642 ad
1152 1592 1336 1659 septen-

326 1663 538 1710 trionem
562 1660 733 1717 mensae
752 1676 906 1709 aureae
921 1657 1254 1720 consisterent,
1289 1661 1334 1710 &

327 1728 583 1794 postquam
607 1744 667 1776 ex
691 1727 884 1792 reliquis
909 1738 1139 1790 quatuor,
1172 1726 1231 1775 ad
1255 1742 1333 1775 au-

326 1794 479 1844 strum
498 1794 739 1854 stantibus,
753 1794 849 1842 duo
865 1809 1008 1858 panes
1030 1793 1332 1852 veteres,duo

328 1877 539 1910 accerras
583 1860 738 1909 thuris
779 1858 1076 1919 sustulissent,
1143 1861 1332 1925 priores

327 1945 484 1977 novos
507 1926 793 1992 interpositis
814 1926 1001 1975 calamis
1023 1937 1331 1991 reponerent,

327 1993 702 2060 superimpositis
740 1995 878 2041 novis
916 1992 1071 2040 thuris
1111 1995 1327 2043 accerriS.

326 2060 578 2110 Veteribus
608 2076 669 2109 ex
688 2060 856 2109 Sancto
879 2059 1009 2107 elatis
1033 2060 1075 2107 &
1103 2060 1150 2106 in
1171 2057 1329 2107 mensil

324 2143 461 2176 aurea
488 2128 657 2192 pronai
678 2126 834 2191 (supr.
852 2129 976 2175 Vlll.
1009 2128 1051 2190 §.
1073 2127 1330 2189 XXXVII.)

323 2192 575 2262 depositiS,
607 2193 718 2243 thus
752 2194 811 2242 ‘ad
836 2192 978 2242 altare
1007 2194 1233 2307 exteriusf
1249 2191 1329 2239 de·

1230 2273 1328 2307 ere-
