<?xml version="1.0" encoding="UTF-8"?>
<!DOCTYPE html PUBLIC "-//W3C//DTD XHTML 1.0 Transitional//EN"
    "http://www.w3.org/TR/xhtml1/DTD/xhtml1-transitional.dtd">
<html xmlns="http://www.w3.org/1999/xhtml" xml:lang="en" lang="en">
 <head>
  <title>
</title>
<meta http-equiv="Content-Type" content="text/html;charset=utf-8" />
  <meta name='ocr-system' content='tesseract 3.04.00' />
  <meta name='ocr-capabilities' content='ocr_page ocr_carea ocr_par ocr_line ocrx_word'/>
</head>
<body>
  <div class='ocr_page' id='page_1' title='image "./antiquitateshebr00iken_0131.png"; bbox 0 0 1378 2392; ppageno 0'>
   <div class='ocr_carea' id='block_1_1' title="bbox 23 0 79 37">
    <p class='ocr_par' dir='ltr' id='par_1_1' title="bbox 23 0 79 37">
     <span class='ocr_line' id='line_1_1' title="bbox 23 0 79 37; baseline 0 0"><span class='ocrx_word' id='word_1_1' title='bbox 23 0 79 37; x_wconf 48' lang='lat'><strong>⁷²0</strong></span> 
     </span>
    </p>
   </div>
   <div class='ocr_carea' id='block_1_2' title="bbox 94 51 1072 146">
    <p class='ocr_par' dir='ltr' id='par_1_2' title="bbox 94 51 1072 146">
     <span class='ocr_line' id='line_1_2' title="bbox 94 51 1072 146; baseline 0.015 -28"><span class='ocrx_word' id='word_1_2' title='bbox 94 51 280 146; x_wconf 33' lang='lat' dir='ltr'>cafix,</span> <span class='ocrx_word' id='word_1_3' title='bbox 303 73 381 126; x_wconf 87' lang='lat' dir='ltr'><strong>De</strong></span> <span class='ocrx_word' id='word_1_4' title='bbox 395 72 535 125; x_wconf 84' lang='lat' dir='ltr'><strong>Pont.</strong></span> <span class='ocrx_word' id='word_1_5' title='bbox 550 73 625 125; x_wconf 86' lang='lat' dir='ltr'><strong>M.</strong></span> <span class='ocrx_word' id='word_1_6' title='bbox 639 72 699 126; x_wconf 71' lang='lat'><strong>89³</strong></span> <span class='ocrx_word' id='word_1_7' title='bbox 708 74 939 130; x_wconf 81' lang='lat' dir='ltr'><strong>Sacerdot.</strong></span> <span class='ocrx_word' id='word_1_8' title='bbox 982 97 1003 131; x_wconf 87' lang='lat'>1</span> <span class='ocrx_word' id='word_1_9' title='bbox 1017 98 1037 132; x_wconf 88' lang='lat'>1</span> <span class='ocrx_word' id='word_1_10' title='bbox 1050 99 1072 133; x_wconf 91' lang='lat'>1</span> 
     </span>
    </p>
   </div>
   <div class='ocr_carea' id='block_1_3' title="bbox 62 175 348 190">
    <p class='ocr_par' dir='ltr' id='par_1_3' title="bbox 62 175 348 190">
     <span class='ocr_line' id='line_1_3' title="bbox 62 175 348 190; baseline 0 2202"><span class='ocrx_word' id='word_1_11' title='bbox 62 175 348 190; x_wconf 95' lang='lat' dir='ltr'><strong> </strong></span> 
     </span>
    </p>
   </div>
   <div class='ocr_carea' id='block_1_4' title="bbox 351 176 488 186">
    <p class='ocr_par' dir='ltr' id='par_1_4' title="bbox 351 176 488 186">
     <span class='ocr_line' id='line_1_4' title="bbox 351 176 488 186; baseline 0 0"><span class='ocrx_word' id='word_1_12' title='bbox 351 176 488 186; x_wconf 95' lang='lat' dir='ltr'><strong> </strong></span> 
     </span>
    </p>
   </div>
   <div class='ocr_carea' id='block_1_5' title="bbox 509 177 776 186">
    <p class='ocr_par' dir='ltr' id='par_1_5' title="bbox 509 177 776 186">
     <span class='ocr_line' id='line_1_5' title="bbox 509 177 776 186; baseline 0 2206"><span class='ocrx_word' id='word_1_13' title='bbox 509 177 776 186; x_wconf 95' lang='lat' dir='ltr'><strong> </strong></span> 
     </span>
    </p>
   </div>
   <div class='ocr_carea' id='block_1_6' title="bbox 784 179 1074 191">
    <p class='ocr_par' dir='ltr' id='par_1_6' title="bbox 784 179 1074 191">
     <span class='ocr_line' id='line_1_6' title="bbox 784 179 1074 191; baseline 0 2201"><span class='ocrx_word' id='word_1_14' title='bbox 784 179 1074 191; x_wconf 95' lang='lat' dir='ltr'><strong> </strong></span> 
     </span>
    </p>
   </div>
   <div class='ocr_carea' id='block_1_7' title="bbox 58 222 1321 2278">
    <p class='ocr_par' dir='ltr' id='par_1_7' title="bbox 58 222 1118 742">
     <span class='ocr_line' id='line_1_7' title="bbox 62 222 1076 291; baseline 0.002 -16"><span class='ocrx_word' id='word_1_15' title='bbox 62 225 127 279; x_wconf 83' lang='lat' dir='ltr'><strong>fio</strong></span> <span class='ocrx_word' id='word_1_16' title='bbox 159 222 262 273; x_wconf 85' lang='lat' dir='ltr'><strong>haec</strong></span> <span class='ocrx_word' id='word_1_17' title='bbox 293 240 406 272; x_wconf 90' lang='lat' dir='ltr'><strong>cum</strong></span> <span class='ocrx_word' id='word_1_18' title='bbox 438 222 856 287; x_wconf 80' lang='lat' dir='ltr'><strong>vicissitudinibus,</strong></span> <span class='ocrx_word' id='word_1_19' title='bbox 899 226 1076 291; x_wconf 77' lang='lat' dir='ltr'><strong>quibus</strong></span> 
     </span>
     <span class='ocr_line' id='line_1_8' title="bbox 59 289 1075 356; baseline 0.001 -14"><span class='ocrx_word' id='word_1_20' title='bbox 59 291 261 356; x_wconf 68' lang='lat' dir='ltr'><strong>subjesta</strong></span> <span class='ocrx_word' id='word_1_21' title='bbox 282 289 388 350; x_wconf 89' lang='lat' dir='ltr'><strong>fuit,</strong></span> <span class='ocrx_word' id='word_1_22' title='bbox 410 306 470 339; x_wconf 83' lang='lat' dir='ltr'><strong>ex</strong></span> <span class='ocrx_word' id='word_1_23' title='bbox 494 293 772 341; x_wconf 87' lang='lat' dir='ltr'><strong>nominibus</strong></span> <span class='ocrx_word' id='word_1_24' title='bbox 785 292 1075 343; x_wconf 85' lang='lat' dir='ltr'><strong>Pontificum</strong></span> 
     </span>
     <span class='ocr_line' id='line_1_9' title="bbox 58 357 1077 419; baseline 0.001 -12"><span class='ocrx_word' id='word_1_25' title='bbox 58 359 109 408; x_wconf 89' lang='lat' dir='ltr'><strong>in</strong></span> <span class='ocrx_word' id='word_1_26' title='bbox 142 357 279 406; x_wconf 66' lang='lat' dir='ltr'><strong>{iteris</strong></span> <span class='ocrx_word' id='word_1_27' title='bbox 309 357 459 406; x_wconf 87' lang='lat' dir='ltr'><strong>literis</strong></span> <span class='ocrx_word' id='word_1_28' title='bbox 480 361 788 419; x_wconf 84' lang='lat' dir='ltr'><strong>memoratis,</strong></span> <span class='ocrx_word' id='word_1_29' title='bbox 829 361 874 409; x_wconf 99' lang='grc'><strong>8(</strong></span> <span class='ocrx_word' id='word_1_30' title='bbox 904 378 1077 411; x_wconf 57' lang='lat' dir='ltr'><strong>corun,</strong></span> 
     </span>
     <span class='ocr_line' id='line_1_10' title="bbox 59 421 1074 491; baseline 0.004 -17"><span class='ocrx_word' id='word_1_31' title='bbox 59 425 172 474; x_wconf 88' lang='lat' dir='ltr'><strong>dem</strong></span> <span class='ocrx_word' id='word_1_32' title='bbox 194 421 436 491; x_wconf 77' lang='lat' dir='ltr'><strong>catalogo,</strong></span> <span class='ocrx_word' id='word_1_33' title='bbox 469 438 493 472; x_wconf 79' lang='lat' dir='ltr'>a</span> <span class='ocrx_word' id='word_1_34' title='bbox 511 424 723 490; x_wconf 86' lang='lat' dir='ltr'><strong>Josepho</strong></span> <span class='ocrx_word' id='word_1_35' title='bbox 755 427 954 491; x_wconf 83' lang='lat' dir='ltr'><strong>aliisque</strong></span> <span class='ocrx_word' id='word_1_36' title='bbox 981 439 1074 478; x_wconf 84' lang='lat' dir='ltr'><strong>tra-</strong></span> 
     </span>
     <span class='ocr_line' id='line_1_11' title="bbox 61 489 1118 557; baseline 0.004 -17"><span class='ocrx_word' id='word_1_37' title='bbox 61 492 190 550; x_wconf 86' lang='lat' dir='ltr'><strong>dito,</strong></span> <span class='ocrx_word' id='word_1_38' title='bbox 226 489 395 539; x_wconf 79' lang='lat' dir='ltr'><strong>clarius</strong></span> <span class='ocrx_word' id='word_1_39' title='bbox 426 489 726 556; x_wconf 83' lang='lat' dir='ltr'><strong>perspicitur.</strong></span> <span class='ocrx_word' id='word_1_40' title='bbox 797 496 962 543; x_wconf 83' lang='lat' dir='ltr'><strong>Novus</strong></span> <span class='ocrx_word' id='word_1_41' title='bbox 994 511 1073 544; x_wconf 78' lang='lat' dir='ltr'><strong>au·</strong></span> <span class='ocrx_word' id='word_1_42' title='bbox 1116 555 1118 557; x_wconf 64' lang='lat'>‚</span> 
     </span>
     <span class='ocr_line' id='line_1_12' title="bbox 59 555 1073 626; baseline 0.004 -20"><span class='ocrx_word' id='word_1_43' title='bbox 59 569 160 607; x_wconf 88' lang='lat' dir='ltr'><strong>tem</strong></span> <span class='ocrx_word' id='word_1_44' title='bbox 179 555 405 607; x_wconf 84' lang='lat' dir='ltr'><strong>Pontifex</strong></span> <span class='ocrx_word' id='word_1_45' title='bbox 426 558 678 623; x_wconf 78' lang='lat' dir='ltr'><strong>impetrata</strong></span> <span class='ocrx_word' id='word_1_46' title='bbox 704 558 794 608; x_wconf 83' lang='lat' dir='ltr'><strong>hac</strong></span> <span class='ocrx_word' id='word_1_47' title='bbox 823 560 1073 626; x_wconf 82' lang='lat' dir='ltr'>dignitate,</span> 
     </span>
     <span class='ocr_line' id='line_1_13' title="bbox 61 637 1075 692; baseline 0.002 -16"><span class='ocrx_word' id='word_1_48' title='bbox 61 640 410 688; x_wconf 82' lang='lat' dir='ltr'>nonnunquam</span> <span class='ocrx_word' id='word_1_49' title='bbox 443 640 628 674; x_wconf 89' lang='lat' dir='ltr'><strong>novum</strong></span> <span class='ocrx_word' id='word_1_50' title='bbox 663 637 861 692; x_wconf 84' lang='lat' dir='ltr'><strong>quoque</strong></span> <span class='ocrx_word' id='word_1_51' title='bbox 890 644 1075 678; x_wconf 86' lang='lat' dir='ltr'><strong>nomen</strong></span> 
     </span>
     <span class='ocr_line' id='line_1_14' title="bbox 60 687 531 742; baseline 0 -1"><span class='ocrx_word' id='word_1_52' title='bbox 60 687 304 741; x_wconf 62' lang='lat' dir='ltr'><strong>assumsisse</strong></span> <span class='ocrx_word' id='word_1_53' title='bbox 326 690 531 742; x_wconf 87' lang='lat' dir='ltr'><strong>videtur.</strong></span> 
     </span>
    </p>

    <p class='ocr_par' dir='ltr' id='par_1_8' title="bbox 59 755 1321 945">
     <span class='ocr_line' id='line_1_15' title="bbox 92 755 1321 825; baseline 0.008 -19"><span class='ocrx_word' id='word_1_54' title='bbox 92 760 173 806; x_wconf 85' lang='lat' dir='ltr'><strong>XI.</strong></span> <span class='ocrx_word' id='word_1_55' title='bbox 196 759 503 824; x_wconf 79' lang='lat' dir='ltr'><strong>lnauguratio</strong></span> <span class='ocrx_word' id='word_1_56' title='bbox 518 755 755 807; x_wconf 80' lang='lat' dir='ltr'><strong>Aharonis</strong></span> <span class='ocrx_word' id='word_1_57' title='bbox 773 760 817 808; x_wconf 86' lang='grc'><strong>8(</strong></span> <span class='ocrx_word' id='word_1_58' title='bbox 835 760 1081 810; x_wconf 79' lang='lat' dir='ltr'><strong>Filiorum.</strong></span> <span class='ocrx_word' id='word_1_59' title='bbox 1101 768 1321 825; x_wconf 64' lang='lat' dir='ltr'><strong>sangum-</strong></span> 
     </span>
     <span class='ocr_line' id='line_1_16' title="bbox 59 822 1162 890; baseline 0.005 -19"><span class='ocrx_word' id='word_1_60' title='bbox 59 840 150 890; x_wconf 85' lang='lat' dir='ltr'><strong>per</strong></span> <span class='ocrx_word' id='word_1_61' title='bbox 171 823 351 889; x_wconf 84' lang='lat' dir='ltr'><strong>septem</strong></span> <span class='ocrx_word' id='word_1_62' title='bbox 377 825 633 872; x_wconf 84' lang='lat' dir='ltr'><strong>continuos</strong></span> <span class='ocrx_word' id='word_1_63' title='bbox 666 826 790 885; x_wconf 88' lang='lat' dir='ltr'><strong>dies,</strong></span> <span class='ocrx_word' id='word_1_64' title='bbox 825 829 969 876; x_wconf 76' lang='lat' dir='ltr'><strong>certis</strong></span> <span class='ocrx_word' id='word_1_65' title='bbox 1003 847 1075 876; x_wconf 86' lang='lat' dir='ltr'><strong>ce·</strong></span> <span class='ocrx_word' id='word_1_66' title='bbox 1092 822 1162 863; x_wconf 60' lang='lat'><strong>¹²⁰·</strong></span> 
     </span>
     <span class='ocr_line' id='line_1_17' title="bbox 60 889 1074 945; baseline 0.006 -7"><span class='ocrx_word' id='word_1_67' title='bbox 60 891 279 939; x_wconf 89' lang='lat' dir='ltr'><strong>rimoniis</strong></span> <span class='ocrx_word' id='word_1_68' title='bbox 294 889 412 939; x_wconf 74' lang='lat' dir='ltr'>fasta</span> <span class='ocrx_word' id='word_1_69' title='bbox 424 890 721 941; x_wconf 67' lang='lat' dir='ltr'><strong>describitur.</strong></span> <span class='ocrx_word' id='word_1_70' title='bbox 736 896 807 941; x_wconf 87' lang='lat' dir='ltr'><strong>Ex</strong></span> <span class='ocrx_word' id='word_1_71' title='bbox 814 894 894 942; x_wconf 89' lang='lat' dir='ltr'><strong>od.</strong></span> <span class='ocrx_word' id='word_1_72' title='bbox 905 897 1074 945; x_wconf 78' lang='lat' dir='ltr'>XXIX.</span> 
     </span>
    </p>

    <p class='ocr_par' dir='ltr' id='par_1_9' title="bbox 59 958 1076 1094">
     <span class='ocr_line' id='line_1_18' title="bbox 59 958 1076 1020; baseline 0.005 -13"><span class='ocrx_word' id='word_1_73' title='bbox 59 958 105 1007; x_wconf 87' lang='grc'><strong>8(</strong></span> <span class='ocrx_word' id='word_1_74' title='bbox 130 958 389 1006; x_wconf 60' lang='grc' dir='ltr'><strong>ΕΕΧΝΠΙ.</strong></span> <span class='ocrx_word' id='word_1_75' title='bbox 458 958 676 1020; x_wconf 78' lang='lat' dir='ltr'>Quarum</span> <span class='ocrx_word' id='word_1_76' title='bbox 699 961 1076 1012; x_wconf 79' lang='lat' dir='ltr'>cerimoniarum</span> 
     </span>
     <span class='ocr_line' id='line_1_19' title="bbox 61 1023 1076 1094; baseline 0.007 -23"><span class='ocrx_word' id='word_1_77' title='bbox 61 1023 284 1088; x_wconf 77' lang='lat' dir='ltr'>quaedam</span> <span class='ocrx_word' id='word_1_78' title='bbox 307 1024 430 1072; x_wconf 81' lang='lat' dir='ltr'><strong>circa</strong></span> <span class='ocrx_word' id='word_1_79' title='bbox 450 1026 590 1073; x_wconf 91' lang='lat' dir='ltr'><strong>Pont.</strong></span> <span class='ocrx_word' id='word_1_80' title='bbox 615 1027 686 1072; x_wconf 92' lang='lat' dir='ltr'><strong>M.</strong></span> <span class='ocrx_word' id='word_1_81' title='bbox 719 1043 856 1091; x_wconf 82' lang='lat' dir='ltr'><strong>aeque</strong></span> <span class='ocrx_word' id='word_1_82' title='bbox 884 1043 936 1076; x_wconf 75' lang='lat' dir='ltr'><strong>ac</strong></span> <span class='ocrx_word' id='word_1_83' title='bbox 966 1044 1076 1094; x_wconf 84' lang='lat' dir='ltr'><strong>gre·</strong></span> 
     </span>
    </p>

    <p class='ocr_par' dir='ltr' id='par_1_10' title="bbox 97 1090 1075 1147">
     <span class='ocr_line' id='line_1_20' title="bbox 97 1090 1075 1147; baseline 0.005 -8"><span class='ocrx_word' id='word_1_84' title='bbox 97 1091 220 1139; x_wconf 85' lang='lat' dir='ltr'><strong>arios</strong></span> <span class='ocrx_word' id='word_1_85' title='bbox 257 1090 553 1147; x_wconf 76' lang='lat' dir='ltr'><strong>Sacerdote3‚</strong></span> <span class='ocrx_word' id='word_1_86' title='bbox 583 1090 686 1140; x_wconf 75' lang='lat' dir='ltr'><strong>alia:</strong></span> <span class='ocrx_word' id='word_1_87' title='bbox 704 1094 826 1142; x_wconf 84' lang='lat' dir='ltr'><strong>circa</strong></span> <span class='ocrx_word' id='word_1_88' title='bbox 847 1094 982 1144; x_wconf 83' lang='lat' dir='ltr'><strong>illum</strong></span> <span class='ocrx_word' id='word_1_89' title='bbox 1004 1095 1075 1144; x_wconf 90' lang='lat' dir='ltr'><strong>so-</strong></span> 
     </span>
    </p>

    <p class='ocr_par' dir='ltr' id='par_1_11' title="bbox 63 1155 1085 1356">
     <span class='ocr_line' id='line_1_21' title="bbox 82 1155 1077 1226; baseline 0.006 -20"><span class='ocrx_word' id='word_1_90' title='bbox 82 1173 188 1213; x_wconf 92' lang='lat' dir='ltr'><strong>um,</strong></span> <span class='ocrx_word' id='word_1_91' title='bbox 223 1155 386 1205; x_wconf 90' lang='lat' dir='ltr'><strong>locum</strong></span> <span class='ocrx_word' id='word_1_92' title='bbox 419 1157 706 1208; x_wconf 85' lang='lat' dir='ltr'><strong>habuerunt.</strong></span> <span class='ocrx_word' id='word_1_93' title='bbox 782 1161 858 1209; x_wconf 82' lang='lat' dir='ltr'><strong>Ad</strong></span> <span class='ocrx_word' id='word_1_94' title='bbox 884 1163 1077 1226; x_wconf 78' lang='lat' dir='ltr'><strong>priores</strong></span> 
     </span>
     <span class='ocr_line' id='line_1_22' title="bbox 63 1223 1085 1290; baseline 0.009 -20"><span class='ocrx_word' id='word_1_95' title='bbox 63 1224 333 1289; x_wconf 84' lang='lat' dir='ltr'><strong>pertinent:</strong></span> <span class='ocrx_word' id='word_1_96' title='bbox 370 1224 502 1288; x_wconf 90' lang='lat' dir='ltr'><strong>quod</strong></span> <span class='ocrx_word' id='word_1_97' title='bbox 518 1223 774 1290; x_wconf 80' lang='lat' dir='ltr'><strong>postquam</strong></span> <span class='ocrx_word' id='word_1_98' title='bbox 792 1237 951 1277; x_wconf 90' lang='lat' dir='ltr'><strong>toturn</strong></span> <span class='ocrx_word' id='word_1_99' title='bbox 974 1245 1085 1278; x_wconf 53' lang='lat' dir='ltr'><strong>cor*</strong></span> 
     </span>
     <span class='ocr_line' id='line_1_23' title="bbox 63 1288 1079 1356; baseline 0.008 -19"><span class='ocrx_word' id='word_1_100' title='bbox 63 1305 154 1355; x_wconf 87' lang='lat' dir='ltr'><strong>pus</strong></span> <span class='ocrx_word' id='word_1_101' title='bbox 190 1289 364 1349; x_wconf 81' lang='lat' dir='ltr'><strong>abluti,</strong></span> <span class='ocrx_word' id='word_1_102' title='bbox 399 1288 708 1356; x_wconf 84' lang='lat' dir='ltr'><strong>vestibusque</strong></span> <span class='ocrx_word' id='word_1_103' title='bbox 736 1292 877 1342; x_wconf 73' lang='lat' dir='ltr'><strong>sacris</strong></span> <span class='ocrx_word' id='word_1_104' title='bbox 906 1297 1079 1356; x_wconf 83' lang='lat' dir='ltr'><strong>induti,</strong></span> 
     </span>
    </p>

    <p class='ocr_par' dir='ltr' id='par_1_12' title="bbox 63 1355 1104 2278">
     <span class='ocr_line' id='line_1_24' title="bbox 65 1355 1082 1423; baseline 0.005 -17"><span class='ocrx_word' id='word_1_105' title='bbox 65 1357 110 1406; x_wconf 81' lang='grc'><strong>8(</strong></span> <span class='ocrx_word' id='word_1_106' title='bbox 131 1371 298 1404; x_wconf 61' lang='lat' dir='ltr'><strong>coramv</strong></span> <span class='ocrx_word' id='word_1_107' title='bbox 319 1355 437 1405; x_wconf 78' lang='lat' dir='ltr'><strong>facie</strong></span> <span class='ocrx_word' id='word_1_108' title='bbox 449 1356 650 1421; x_wconf 84' lang='lat' dir='ltr'><strong>Jehovae</strong></span> <span class='ocrx_word' id='word_1_109' title='bbox 662 1359 858 1410; x_wconf 78' lang='lat' dir='ltr'><strong>constitu</strong></span> <span class='ocrx_word' id='word_1_110' title='bbox 865 1363 898 1409; x_wconf 90' lang='lat' dir='ltr'><strong>ti</strong></span> <span class='ocrx_word' id='word_1_111' title='bbox 920 1362 1082 1423; x_wconf 83' lang='lat' dir='ltr'><strong>effent,</strong></span> 
     </span>
     <span class='ocr_line' id='line_1_25' title="bbox 66 1421 1083 1494; baseline 0.009 -24"><span class='ocrx_word' id='word_1_112' title='bbox 66 1422 235 1471; x_wconf 83' lang='lat' dir='ltr'><strong>oblatis</strong></span> <span class='ocrx_word' id='word_1_113' title='bbox 263 1421 497 1476; x_wconf 82' lang='lat' dir='ltr'><strong>sacrificiis</strong></span> <span class='ocrx_word' id='word_1_114' title='bbox 523 1426 821 1483; x_wconf 78' lang='lat' dir='ltr'><strong>initiationi8‚</strong></span> <span class='ocrx_word' id='word_1_115' title='bbox 871 1430 1083 1494; x_wconf 86' lang='lat' dir='ltr'><strong>juvenco</strong></span> 
     </span>
     <span class='ocr_line' id='line_1_26' title="bbox 102 1489 1082 1554; baseline 0.01 -18"><span class='ocrx_word' id='word_1_116' title='bbox 102 1489 362 1553; x_wconf 90' lang='lat' dir='ltr'><strong>eminoque</strong></span> <span class='ocrx_word' id='word_1_117' title='bbox 391 1492 539 1539; x_wconf 75' lang='lat' dir='ltr'><strong>ariete</strong></span> <span class='ocrx_word' id='word_1_118' title='bbox 582 1508 694 1540; x_wconf 92' lang='lat' dir='ltr'><strong>cum</strong></span> <span class='ocrx_word' id='word_1_119' title='bbox 728 1492 888 1554; x_wconf 85' lang='lat' dir='ltr'><strong>fertis,</strong></span> <span class='ocrx_word' id='word_1_120' title='bbox 920 1497 1082 1545; x_wconf 79' lang='lat' dir='ltr'><strong>Exod.</strong></span> 
     </span>
     <span class='ocr_line' id='line_1_27' title="bbox 63 1505 1082 1627; baseline 0.008 -23"><span class='ocrx_word' id='word_1_121' title='bbox 63 1505 100 1604; x_wconf 47' lang='grc' dir='ltr'>ᾗ</span> <span class='ocrx_word' id='word_1_122' title='bbox 124 1572 164 1605; x_wconf 89' lang='lat' dir='ltr'><strong>c.</strong></span> <span class='ocrx_word' id='word_1_123' title='bbox 192 1572 320 1605; x_wconf 88' lang='lat' dir='ltr'><strong>com.</strong></span> <span class='ocrx_word' id='word_1_124' title='bbox 357 1571 393 1604; x_wconf 82' lang='lat'><strong>2.</strong></span> <span class='ocrx_word' id='word_1_125' title='bbox 419 1557 463 1605; x_wconf 87' lang='lat'>&amp;</span> <span class='ocrx_word' id='word_1_126' title='bbox 485 1560 606 1606; x_wconf 91' lang='lat' dir='ltr'><strong>Lev.</strong></span> <span class='ocrx_word' id='word_1_127' title='bbox 633 1561 710 1608; x_wconf 84' lang='lat' dir='ltr'><strong>Vl.</strong></span> <span class='ocrx_word' id='word_1_128' title='bbox 749 1575 823 1620; x_wconf 81' lang='lat'><strong>13.</strong></span> <span class='ocrx_word' id='word_1_129' title='bbox 846 1561 979 1627; x_wconf 87' lang='lat' dir='ltr'><strong>seqq.</strong></span> <span class='ocrx_word' id='word_1_130' title='bbox 1000 1563 1082 1611; x_wconf 83' lang='lat' dir='ltr'><strong>de-</strong></span> 
     </span>
     <span class='ocr_line' id='line_1_28' title="bbox 67 1621 1082 1689; baseline 0.01 -20"><span class='ocrx_word' id='word_1_131' title='bbox 67 1621 280 1688; x_wconf 80' lang='lat' dir='ltr'><strong>scriptis,</strong></span> <span class='ocrx_word' id='word_1_132' title='bbox 315 1622 360 1671; x_wconf 85' lang='grc'><strong>8(</strong></span> <span class='ocrx_word' id='word_1_133' title='bbox 393 1623 628 1672; x_wconf 84' lang='lat' dir='ltr'>membris</span> <span class='ocrx_word' id='word_1_134' title='bbox 663 1625 950 1689; x_wconf 83' lang='lat' dir='ltr'><strong>quibusdam</strong></span> <span class='ocrx_word' id='word_1_135' title='bbox 994 1631 1082 1678; x_wconf 89' lang='lat' dir='ltr'><strong>ini-</strong></span> 
     </span>
     <span class='ocr_line' id='line_1_29' title="bbox 66 1689 1085 1762; baseline 0.01 -26"><span class='ocrx_word' id='word_1_136' title='bbox 66 1689 343 1738; x_wconf 87' lang='lat' dir='ltr'><strong>tiandorum</strong></span> <span class='ocrx_word' id='word_1_137' title='bbox 357 1689 574 1739; x_wconf 84' lang='lat' dir='ltr'><strong>manibus</strong></span> <span class='ocrx_word' id='word_1_138' title='bbox 586 1690 820 1756; x_wconf 84' lang='lat' dir='ltr'><strong>impofitis</strong></span> <span class='ocrx_word' id='word_1_139' title='bbox 833 1707 976 1760; x_wconf 81' lang='lat' dir='ltr'><strong>atque</strong></span> <span class='ocrx_word' id='word_1_140' title='bbox 987 1698 1085 1762; x_wconf 75' lang='lat' dir='ltr'><strong>agi-</strong></span> 
     </span>
     <span class='ocr_line' id='line_1_30' title="bbox 66 1755 1084 1824; baseline 0.01 -22"><span class='ocrx_word' id='word_1_141' title='bbox 66 1755 197 1810; x_wconf 76' lang='lat' dir='ltr'><strong>tatiS,</strong></span> <span class='ocrx_word' id='word_1_142' title='bbox 238 1755 364 1804; x_wconf 81' lang='lat' dir='ltr'><strong>auris</strong></span> <span class='ocrx_word' id='word_1_143' title='bbox 405 1756 575 1805; x_wconf 85' lang='lat' dir='ltr'><strong>dextra</strong></span> <span class='ocrx_word' id='word_1_144' title='bbox 619 1759 664 1807; x_wconf 87' lang='grc'><strong>8(</strong></span> <span class='ocrx_word' id='word_1_145' title='bbox 707 1759 870 1824; x_wconf 84' lang='lat' dir='ltr'><strong>pollex</strong></span> <span class='ocrx_word' id='word_1_146' title='bbox 911 1759 1084 1812; x_wconf 70' lang='lat' dir='ltr'>manus</span> 
     </span>
     <span class='ocr_line' id='line_1_31' title="bbox 67 1821 1080 1886; baseline 0.012 -18"><span class='ocrx_word' id='word_1_147' title='bbox 67 1821 300 1886; x_wconf 87' lang='lat' dir='ltr'><strong>pedisque</strong></span> <span class='ocrx_word' id='word_1_148' title='bbox 333 1821 516 1882; x_wconf 84' lang='lat' dir='ltr'><strong>dextri,</strong></span> <span class='ocrx_word' id='word_1_149' title='bbox 551 1823 624 1872; x_wconf 60' lang='lat' dir='ltr'><strong>siin</strong></span> <span class='ocrx_word' id='word_1_150' title='bbox 665 1826 776 1874; x_wconf 85' lang='lat' dir='ltr'><strong>uine</strong></span> <span class='ocrx_word' id='word_1_151' title='bbox 808 1829 1080 1879; x_wconf 81' lang='lat' dir='ltr'><strong>imbueren-</strong></span> 
     </span>
     <span class='ocr_line' id='line_1_32' title="bbox 67 1885 1082 1954; baseline 0.011 -20"><span class='ocrx_word' id='word_1_152' title='bbox 67 1897 172 1946; x_wconf 88' lang='lat' dir='ltr'><strong>tur,</strong></span> <span class='ocrx_word' id='word_1_153' title='bbox 209 1885 390 1952; x_wconf 86' lang='lat' dir='ltr'><strong>ipfique</strong></span> <span class='ocrx_word' id='word_1_154' title='bbox 417 1906 528 1937; x_wconf 89' lang='lat' dir='ltr'><strong>cum</strong></span> <span class='ocrx_word' id='word_1_155' title='bbox 557 1891 636 1940; x_wconf 79' lang='lat' dir='ltr'><strong>ve(</strong></span> <span class='ocrx_word' id='word_1_156' title='bbox 662 1893 765 1940; x_wconf 85' lang='lat' dir='ltr'><strong>ibus</strong></span> <span class='ocrx_word' id='word_1_157' title='bbox 798 1893 951 1954; x_wconf 65' lang='lat' dir='ltr'><strong>sacris,</strong></span> <span class='ocrx_word' id='word_1_158' title='bbox 983 1895 1082 1945; x_wconf 66' lang='lat' dir='ltr'><strong>sim-</strong></span> 
     </span>
     <span class='ocr_line' id='line_1_33' title="bbox 66 1953 1082 2025; baseline 0.012 -25"><span class='ocrx_word' id='word_1_159' title='bbox 66 1953 215 2017; x_wconf 82' lang='lat' dir='ltr'><strong>guine</strong></span> <span class='ocrx_word' id='word_1_160' title='bbox 247 1953 358 2002; x_wconf 87' lang='lat' dir='ltr'><strong>oleo</strong></span> <span class='ocrx_word' id='word_1_161' title='bbox 391 1957 574 2016; x_wconf 87' lang='lat' dir='ltr'><strong>mixto,</strong></span> <span class='ocrx_word' id='word_1_162' title='bbox 629 1958 830 2025; x_wconf 88' lang='lat' dir='ltr'><strong>consper</strong></span> <span class='ocrx_word' id='word_1_163' title='bbox 868 1975 1082 2013; x_wconf 84' lang='lat' dir='ltr'><strong>erentur.</strong></span> 
     </span>
     <span class='ocr_line' id='line_1_34' title="bbox 68 2018 1083 2085; baseline 0.013 -19"><span class='ocrx_word' id='word_1_164' title='bbox 68 2018 163 2068; x_wconf 90' lang='lat' dir='ltr'><strong>Ubi</strong></span> <span class='ocrx_word' id='word_1_165' title='bbox 191 2030 352 2069; x_wconf 74' lang='lat' dir='ltr'><strong>tamen</strong></span> <span class='ocrx_word' id='word_1_166' title='bbox 381 2022 532 2084; x_wconf 86' lang='lat' dir='ltr'><strong>Judaei</strong></span> <span class='ocrx_word' id='word_1_167' title='bbox 560 2039 780 2085; x_wconf 88' lang='lat' dir='ltr'><strong>monent,</strong></span> <span class='ocrx_word' id='word_1_168' title='bbox 834 2029 1083 2079; x_wconf 78' lang='lat' dir='ltr'><strong>olemnem</strong></span> 
     </span>
     <span class='ocr_line' id='line_1_35' title="bbox 66 2083 1083 2157; baseline 0.015 -25"><span class='ocrx_word' id='word_1_169' title='bbox 66 2083 193 2134; x_wconf 77' lang='lat' dir='ltr'><strong>hanc</strong></span> <span class='ocrx_word' id='word_1_170' title='bbox 212 2088 524 2137; x_wconf 75' lang='lat' dir='ltr'><strong>sacerdotum</strong></span> <span class='ocrx_word' id='word_1_171' title='bbox 535 2090 968 2157; x_wconf 77' lang='lat' dir='ltr'><strong>inaugurationem,</strong></span> <span class='ocrx_word' id='word_1_172' title='bbox 980 2113 1083 2146; x_wconf 86' lang='lat' dir='ltr'><strong>non</strong></span> 
     </span>
     <span class='ocr_line' id='line_1_36' title="bbox 67 2148 1104 2222; baseline 0.012 -21"><span class='ocrx_word' id='word_1_173' title='bbox 67 2148 154 2202; x_wconf 69' lang='lat' dir='ltr'><strong>afli</strong></span> <span class='ocrx_word' id='word_1_174' title='bbox 195 2152 252 2220; x_wconf 21' lang='lat' dir='ltr'><strong>&#39;in</strong></span> <span class='ocrx_word' id='word_1_175' title='bbox 285 2153 443 2219; x_wconf 82' lang='lat' dir='ltr'><strong>prima</strong></span> <span class='ocrx_word' id='word_1_176' title='bbox 477 2157 740 2210; x_wconf 76' lang='lat' dir='ltr'><strong>sacerdotii</strong></span> <span class='ocrx_word' id='word_1_177' title='bbox 771 2159 1104 2222; x_wconf 63' lang='lat' dir='ltr'><strong>institutione„</strong></span> 
     </span>
     <span class='ocr_line' id='line_1_37' title="bbox 233 2247 1086 2278; baseline 0.006 -5"><span class='ocrx_word' id='word_1_178' title='bbox 233 2252 236 2255; x_wconf 59' lang='lat'><strong>&gt;</strong></span> <span class='ocrx_word' id='word_1_179' title='bbox 1035 2247 1086 2278; x_wconf 85' lang='lat' dir='ltr'>m</span> 
     </span>
    </p>
   </div>
  </div>
 </body>
</html>
