1378 2392
135 108 453 176 Cava‘fll.
486 104 562 172 De
574 103 965 168 Lustrcztionibus.
1014 121 1111 170 269

4 262 12 313 ζ
78 250 112 302 fi
127 264 233 301 tum
245 250 495 318 adspestus
516 252 617 318 ejus
638 263 853 301 mutatus
871 271 972 302 non
984 255 1111 318 esset,

4 320 10 333 ⁵
79 320 191 369 licet
221 320 299 385 pla
338 335 362 368 a
393 318 438 367 se
468 336 569 368 non
601 318 885 381 diffudisset,
922 323 1110 390 integra

3 403 21 448 252
79 385 249 446 vestiS,
302 382 322 435 ι’
338 402 459 436 vero
480 385 699 435 colorem
721 388 964 445 mutaffet,
995 406 1108 455 pars

2 483 24 498 .·
81 454 158 503 cui
180 452 323 520 plaga
347 454 527 510 inerat,¹
551 453 720 511 avulsa,
743 455 857 522 igne
881 459 1109 507 comburi

81 521 126 570 8<
145 520 332 585 reliqua
359 519 502 569 vestis
528 535 649 585 aqua
673 521 766 570 elui
799 534 945 587 atque
969 541 1109 573 mun-

82 588 201 649 dari,
221 581 443 637 debebat'.
469 592 590 637 Lev.
605 591 731 637 Xlll.
753 605 832 652 47.
869 589 1111 641 Posterio-

84 656 178 711 riS,
215 671 363 720 quam
384 655 538 719 Judaei
561 655 619 704 ad
643 655 790 704 solam
815 666 996 707 terram
1024 663 1113 708 Ca-

82 719 556 788 naanfre'stringunn
604 724 667 772 ita
697 734 862 772 tamen
900 735 954 773 ut
979 726 1110 776 aedes

82 788 435 853 Hierosolymae
457 805 509 838 ea
523 804 775 855 nunquam
794 790 994 841 infestas
1010 810 1112 843 cre-

2 868 4 874 *
84 856 225 916 dant,
257 854 576 921 suspicionem
605 875 806 922 quoque
839 860 1112 910 excitabant

73 922 245 990 striges
263 921 447 984 virides,
463 934 541 972 aut
558 922 727 983 rubrae,
748 925 938 990 reliquo
963 944 1110 977 muro

84 988 392 1054 depreffibres,
429 991 605 1054 quibus
627 993 995 1056 apparentibus,
1033 999 1111 1043 Sa-

83 1056 258 1105 cerdos
276 1056 483 1105 domum
502 1058 755 1108 claudebat
774 1061 863 1108 VII
884 1061 1000 1120 dies,
1035 1063 1112 1111 iis-

83 1123 299 1188 demque
320 1122 504 1190 elapih,
539 1123 574 1173 fi
593 1126 786 1193 plagam
805 1126 850 1175 se
873 1127 1111 1179 diffudisse
1172 1176 1174 1178 ,

86 1202 334 1251 cerneret,
373 1190 556 1257 lapides
584 1210 708 1257 quos
735 1193 813 1243 illa
849 1208 1109 1262 occuparat

0 1287 10 1293 κ
82 1257 355 1307 tollendi&
383 1272 519 1308 extra
546 1259 722 1309 urbem
751 1261 802 1309 in
835 1261 1000 1311 locum
1022 1265 1111 1312 im-

86 1340 267 1390 purum
288 1326 576 1391 projiciendi
597 1340 757 1388 erant,
793 1339 900 1378 tum
923 1330 1111 1395 reliqua

87 1392 266 1442 domus
286 1394 414 1441 intus
434 1394 722 1454 abradenda,
761 1396 966 1461 pulvere
990 1415 1111 1462 quo-

88 1475 185 1524 que
214 1459 273 1508 ad
305 1459 468 1509 locum
500 1463 753 1528 impurum
786 1464 939 1520 elato,
973 1468 1112 1515 ruina

85 1542 207 1574 vero
230 1527 372 1575 novis
393 1526 632 1592 lapidibus
654 1546 881 1595 novaque
899 1530 1020 1580 calce
1039 1550 1114 1582 re-

22 1626 30 1629 „
86 1594 314 1658 paranda,
337 1595 473 1658 quod
491 1593 524 1643 fi
543 1607 651 1644 tum
673 1598 834 1646 denuo
855 1611 1112 1665 appareret

87 1659 253 1726 plaga,
290 1661 510 1711 universa
534 1663 713 1714 domus
740 1665 891 1722 dirui,
928 1668 1112 1715 omnia-

10 1743 15 1747 *
84 1743 180 1791 que
200 1727 259 1776 ad
290 1726 454 1777 locum
474 1731 727 1796 impurum
749 1731 936 1793 efferri,
981 1731 1013 1782 fi
1037 1751 1115 1784 au-

85 1803 188 1842 tem
214 1794 344 1844 nulla
364 1796 465 1861 ejus
485 1797 692 1864 amplius
714 1797 914 1866 vestigia
946 1818 1111 1850 cerne-

87 1872 286 1922 rentur,
322 1863 646 1915 mediantibus
682 1865 868 1916 duabus
897 1869 1108 1926 aviculiS‚

86 1926 261 1977 iisdem
280 1931 556 1980 cerimoniis
578 1943 631 1981 ut
649 1933 894 1999 Leprosus
910 1971 922 1991 ,
955 1933 1109 2001 septe-

83 2009 145 2042 na
176 1993 480 2060 adsperfione
508 1998 697 2050 lustrari
727 2000 951 2052 debebat.
984 2006 1108 2056 Lev.

86 2063 211 2109 XIV.
240 2077 317 2126 34.
337 2061 472 2131 seqq.

971 2246 1112 2319 CAP„
