1378 2392
123 118 417 187 cap.-xvn[.
453 114 525 164 De
536 107 914 176 Lustrationibus.
964 123 1055 170 253

53 257 229 327 garmi,
272 253 411 319 supra
453 255 530 313 (X.
553 251 594 315 §.
617 253 697 301 XI.
721 252 765 301 8<
785 251 865 300 XI.
894 249 934 314 ξ.
958 252 1059 310 VI.)

0 354 2 358 >
59 339 119 383 ex
141 320 346 387 profess‘o
370 319 523 369 astum
546 317 626 366 est.

0 388 7 414 ⁵
122 391 244 437 XIV.
267 383 526 437 ordinariae
550 400 744 449 quoque
767 394 900 431 erant
914 396 1058 446 quam
1080 392 1303 436 ominari«.

2 470 8 477 ⁴
59 453 304 523 plurimae,
355 453 527 516 quibus
558 451 761 516 propior
791 450 850 498 ad
877 451 1059 497 cultum

63 521 348 588 praeparatio
366 517 523 567 fieret:
579 517 924 581 quotiesaenim
958 516 1064 577 quis

66 591 115 637 in
147 584 386 651 templum
420 595 498 633 aut
536 587 836 648 Synagogam
874 582 1065 634 intrare,

66 665 146 704 aut
166 650 439 702 sacrificium
470 645 547 699 vel
578 649 700 697 aliud
722 649 906 696 donum
930 645 1068 695 offer-

67 737 136 775 re,
169 729 248 768 aut
267 719 328 766 de
351 715 488 765 fiacris
510 715 789 774 comedere,
823 725 902 762 aut
933 713 1069 764 domi

3 790 6 798 '
70 800 237 852 preces
268 781 496 837 fundere,
540 781 617 829 vel
645 779 897 828 serioribus
926 781 1068 827 etiam

71 848 371 917 temporibus
393 886 405 908 ,
470 849 657 911 quoties
690 846 849 895 cibum
884 844 1071 895 sumere

70 918 238 975 vellet,
272 917 447 981 praevia
469 914 649 961 lotione
681 927 802 978 opus
837 921 962 966 erat,
995 913 1071 975 Ju-

70 982 338 1047 dith..XVI.
360 995 435 1031 22.
471 979 540 1029 Ps.
561 977 726 1027 XXIV.
752 989 792 1037 3.
813 993 859 1039 4.
898 995 915 1026 1
946 981 1071 1026 Sam.

68 1052 192 1098 XVI.
209 1061 252 1109 ς.
270 1045 450 1112 Judith.
469 1048 573 1095 XII.
596 1062 642 1103 7.
665 1052 706 1102 8.
744 1047 887 1092 Marc.
903 1046 1003 1091 VII.
1032 1060 1074 1103 3.

71 1112 188 1180 quin
210 1129 298 1163 nec
322 1108 680 1171 Sacerdotibus,
716 1108 824 1158 licet
846 1121 980 1160 antea
1010 1110 1078 1157 lo-

72 1182 156 1236 tis,
197 1177 297 1234 sub⁴
319 1190 451 1229 metu
485 1177 654 1228 mortis
670 1177 738 1225 ,ad
766 1173 1079 1224 [bustuarium

76 1258 155 1297 aut
184 1245 328 1296 altare
352 1241 576 1294 accedere
608 1239 965 1306 ministerioque
996 1240 1080 1290 suo

74 1307 278 1390 defungi
297 1310 490 1366 licebat,
542 1306 625 1361 nis1
646 1306 806 1359 denuo
836 1320 895 1357 ex
927 1304 1077 1365 labro,

79 1390 158 1428 aut
176 1380 287 1427 dem
306 1378 406 1443 ejus
426 1371 533 1426 loco
552 1388 612 1425 ex
624 1377 743 1424 mari
756 1392 901 1432 aeneo,
914 1390 1082 1424 manus

80 1445 326 1512 pedesque
358 1442 613 1492 abluiffent.
647 1442 803 1491 Exod.
833 1445 975 1491 XXX.
1006 1457 1082 1491 20.
1145 1439 1151 1444 ’

82 1515 312 1577 Saganem
339 1526 534 1574 quoque
554 1511 754 1557 Vaceam
778 1507 933 1555 rufam
957 1524 1087 1556 coma

80 1574 332 1626 busturum
352 1577 399 1624 in
424 1585 589 1624 monte
610 1573 786 1624 oliveti
806 1572 850 1622 se
903 1573 1003 1625 rius
1025 1572 1087 1622 la·

84 1637 204 1692 vaffe
241 1641 392 1706 Judaei
430 1639 646 1690 afferunt.
715 1642 853 1688 Ponti
879 1656 938 1690 ex
969 1655 1089 1689 vero

84 1708 153 1758 uti
175 1709 417 1758 ordinario
435 1723 527 1756 una
545 1709 692 1756 totius
712 1709 930 1772 corporis
953 1706 1090 1755 lotioa

85 1790 146 1824 ne
167 1772 225 1825 ad
247 1773 407 1824 omnia
428 1775 588 1824 munia
609 1773 878 1839 peragenda
902 1771 947 1821 se
972 1789 1092 1839 prae-

88 1852 256 1906 parare
281 1853 494 1907 poterat,
541 1838 609 1902 ⁴ita
636 1839 685 1888 in
715 1837 832 1887 festo
867 1838 1095 1905 expiatio-

90 1908 162 1955 nis
196 1906 448 1972 quinquies
481 1917 638 1956 totum
672 1922 848 1970 corpus
869 1942 879 1962 ‚
938 1907 1096 1954 decies

88 1986 208 2088 gero
247 1988 419 2024 manus
461 1974 505 2024 δι
553 1973 701 2039 pedes
745 1971 936 2021 abluere
969 1984 1100 2021 tene-

123 2049 242 2088 atur.
765 2046 766 2050 ’

153 2104 251 2154 XV.
286 2102 368 2154 Uti
388 2104 603 2170 personae
628 2102 676 2152 in
702 2102 857 2170 prima
881 2101 1100 2153 initiatio·
1116 2108 1324 2167 Consum.-

87 2187 173 2230 ne‚
204 2172 267 2222 ita
286 2172 329 2222 δι
351 2186 422 2220 res
457 2173 514 2222 ad
539 2168 720 2221 cultum
743 2173 830 2231 Dei
861 2169 1100 2220 consecra-
1117 2168 1172 2207 tio
1196 2176 1324 2208 rerum

989 2236 1101 2284 ban-
