1378 2392
348 79 442 129 298
544 71 664 124 Pars'
678 75 715 125 Ι.
751 73 826 126 De
849 73 1166 145 Statu'Ecclqfi

51 226 65 237 ν
103 218 339 261 caltussab--
413 207 579 260 XXIX.
613 209 852 263 Sabbatha
883 213 932 263 in
964 214 1176 278 templo,
1213 228 1355 280 porta

101 269 329 316 bathicusin
349 274 590 325 Nicanoris
623 290 809 342 aperta,
854 279 1008 327 cultus
1037 281 1179 344 paulo
1210 281 1354 335 serius

100 326 250 379 templo.

82 1398 212 1442 Matio
236 1405 302 1449 pa·

79 1465 171 1492 vum
187 1449 314 1501 facie->

82 1517 167 1544 rum
188 1502 236 1551 dy·
255 1517 308 1542 re-

81 1559 198 1598 motio
214 1566 313 1597 vete-

82 1623 179 1653 rum*

347 357 491 403 quam
513 341 650 397 alias,
686 343 858 392 scilicet
887 355 999 392 orto
1016 346 1112 410 jam
1141 348 1218 396 die
1241 350 1354 398 inci·

345 407 519 472 piebat.
588 407 698 456 Post
727 408 942 459 oblatum
979 409 1254 464 sacrificium
1283 416 1353 478 ju-

344 488 406 538 ge
427 474 739 534 matutinum,
774 474 1057 539 sequebatur
1088 476 1352 532 addititiam

343 537 591 594 sabbathi,
623 540 722 591 duo
750 543 859 608 agni
886 543 1026 592 unius
1058 546 1167 594 anni
1196 546 1245 593 in
1266 545 1352 595 ho-

342 604 604 656 locaustum
647 622 756 656 cum
789 606 924 660 fertis
963 610 1008 658 &
1047 608 1349 664 libaminibus

340 670 454 728 suis,
514 674 598 735 qui
631 673 691 724 ad
732 672 1110 740 septentrionem
1143 677 1349 734 mactati,

338 735 509 801 sparso
529 737 775 804 (anguine,
817 756 840 789 a
872 743 978 790 XVI
1013 739 1349 795 Sacerdotibus

341 801 668 854 offerebantur
690 841 703 864 ,
769 822 980 870 quorum
1023 810 1160 868 VIII,
1224 810 1348 869 circa

338 886 739 935 unumquemque
771 888 948 938 agnum
974 874 1346 939 occupabantur,

321 934 399 987 ’ὅθ
420 946 472 984 ut
490 935 569 986 sex
591 938 699 1003 agni
723 938 968 995 membra,
997 957 1120 991 unus
1150 940 1346 1002 fertum,

337 1017 461 1051 unus
485 1018 602 1052 vero
629 1003 833 1052 libamen
857 1004 1070 1060 offerret.
1140 1010 1272 1060 Inter
1295 1008 1347 1058 li-

337 1064 552 1117 bandum
581 1066 676 1122 hoc
702 1071 802 1126 die,
838 1084 891 1123 ut
915 1071 1183 1132 ordinario,
1216 1074 1345 1131 tubae

332 1132 647 1193 inflabantur,
684 1137 728 1189 8<
755 1136 1041 1203 symphonia
1066 1138 1240 1191 muiica
1269 1155 1345 1191 au-

318 1199 593 1259 .diebatur‚‘
633 1204 683 1250 in
718 1202 871 1268 specie
913 1220 1030 1252 vero
1075 1206 1125 1253 in
1159 1222 1346 1258 memo·

318 1267 453 1383 {iam
474 1268 697 1321 Sabbathi
711 1306 725 1328 ,
756 1269 966 1324 psalmus
975 1273 1105 1323 xcu
1126 1273 1344 1327 concine-

364 1343 484 1385 atur.
1282 1372 1283 1375 =

397 1402 562 1450 XXX.
622 1400 799 1451 Oblato
844 1401 1070 1455 sacrificio
1124 1403 1343 1455 addititio

331 1467 482 1516 Panes
495 1468 610 1517 novi
615 1468 937 1536 propofitionis
948 1470 1238 1534 praecedenti
1249 1471 1344 1526 die,

331 1531 415 1582 nisi
448 1533 487 1583 is
524 1532 670 1584 festus
701 1535 836 1591 ess'et,
875 1537 1039 1601 parati,
1074 1551 1100 1588 a
1131 1546 1339 1600 quatuor

330 1600 667 1652 Sacerdotibus
714 1617 808 1651 una
855 1619 967 1652 curn
1011 1603 1186 1653 acerris
1222 1603 1340 1651 novi

326 1665 484 1714 thuris
517 1667 565 1715 in
598 1666 823 1718 Sanctum
855 1667 1209 1728 inferebantur,
1257 1685 1341 1718 eo-

331 1732 545 1798 demque
579 1741 828 1798 tempore‚
881 1751 979 1798 quo
1016 1745 1223 1798 quatuor
1263 1733 1340 1786 alii

326 1800 527 1849 Veteres
549 1815 658 1847 cum
670 1799 814 1848 thure
834 1799 895 1849 de
919 1799 1077 1851 mensa
1095 1799 1343 1857 tollebant,

326 1865 378 1914 in
406 1881 578 1916 eorum
609 1864 772 1917 locum
806 1865 1183 1930 reponebantur.
1217 1869 1340 1918 Lev.

323 1932 491 1980 XX1V.
509 1940 552 1988 8.
619 1931 759 1990 Elati,
789 1931 1044 1996 postquam
1062 1931 1173 1982 thus
1190 1933 1340 1997 gemi-

324 1997 399 2047 nis
420 1998 596 2048 acerris
614 1998 860 2052 atotidem
875 1997 1211 2049 Sacerdotibus
1243 1996 1339 2047 sor-

323 2073 372 2110 te
401 2061 656 2128 defignatis,
675 2100 687 2119 ‚
737 2065 795 2116 ad
827 2063 972 2115 altare
1002 2064 1242 2124 delatum,
1274 2063 1339 2116 ss&

322 2129 372 2182 in
397 2127 512 2180 foco.
540 2130 667 2183 unde
700 2146 870 2200 prunae
890 2131 947 2181 ad
970 2128 1181 2245 suffitur&
1211 2140 1341 2194 pete·

1176 2206 1334 2250 antur,
