1378 2392
374 132 472 173 220
564 94 680 178 Pari}
699 129 735 179 Ι.
770 127 845 183 De
869 130 1003 185 Statu
1022 134 1196 202 Ecclest

955 234 1088 251 ''Q-'—

375 278 583 331 cumque
605 268 679 321 hae
693 272 890 325 decimae
905 279 1124 343 priorum
1139 287 1376 347 quandam

371 343 560 393 partem
583 336 938 404 constituerent,
953 349 1168 399 nonnulli
1193 350 1276 401 has
1297 354 1376 403 sub

367 395 463 445 illis
477 403 913 469 comprehendunt,
925 412 1052 462 unde
1075 425 1172 465 tres
1190 430 1376 471 tantum

367 462 664 518 decimarum
686 469 861 541 species
887 491 1157 535 numerant.

121 571 335 615 Sacerdoti-
430 569 643 622 XXVIII.
677 574 764 623 Hae
795 572 1029 643 affignatae
1056 594 1191 633 erant
1221 583 1373 634 Sacer-

120 625 187 666 bus
204 629 346 671 dandae.
363 629 543 688 dotibus
572 639 713 690 Num.
746 643 916 693 xvnl.
950 654 1026 706 28.
1070 648 1178 701 coll.
1220 652 1369 703 Hebr.

364 700 466 750 VII.
483 718 525 761 5.
541 703 714 766 quibus
735 707 810 759 vel
835 711 1041 765 mediate
1062 718 1366 781 perLevitas,

362 779 551 829 partem
572 769 694 821 hanc
715 787 740 824 a
759 772 849 822 suis
862 778 1067 828 Decimis
1087 780 1366 850 sep-arantes,

357 833 497 884 Num.
514 837 548 882 1.
572 853 611 888 c.
634 838 676 886 8<
698 839 882 893 Neh.X.
899 858 972 902 39.
993 845 1070 899 vel
1090 847 1365 905 immediate

357 898 415 950 ab.
442 898 551 966 ipfis
587 902 823 967 lss'aeliti8‚
875 910 1076 964 eandem
1108 929 1133 966 a
1163 916 1361 968 decimis

354 968 636 1022 Levitarum
661 971 981 1033 dementibus,
1016 977 1337 1036 solvebantur.

103 1082 269 1124 Decimae
426 1077 593 1128 XXIX.
658 1079 864 1134 Decimae
920 1085 1181 1136 maximam
1233 1090 1356 1140 redi·

102 1135 169 1175 ‘⁴⁶¹'
183 1137 292 1181 datae.
348 1151 485 1195 tuum
505 1142 786 1199 Levitarum
808 1163 945 1212 aeque
967 1165 1020 1202 ac
1039 1153 1354 1207 Sacerdotum

344 1220 534 1275 partem
560 1208 929 1275 constituebant,
974 1218 1104 1270 unde
1130 1237 1242 1272 cum
1268 1221 1351 1272 sub

342 1274 529 1342 templo
558 1279 600 1327 11
631 1293 980 1346 nonnunquam
1015 1285 1071 1337 iis
1104 1287 1352 1355 privaren-

341 1354 446 1403 tur,
482 1354 624 1411 atque
644 1344 822 1398 idcireo
856 1347 918 1400 ob
950 1350 1161 1418 inopiam
1186 1366 1348 1407 etem·

338 1409 423 1478 plo
449 1407 756 1477 aufugerent,
799 1414 1130 1471 introdustum
1161 1417 1252 1480 est,
1295 1433 1349 1471 ut

337 1474 644 1528 adferrentur
675 1478 1058 1545 Hierosolymam
1079 1483 1272 1550 illicque
1293 1489 1342 1538 in

336 1541 644 1594 conclavibus
711 1546 906 1612 templi*
948 1552 1341 1606 reconderentur.

333 1623 362 1660 2
387 1608 568 1662 Chron,
600 1611 766 1663 XXXI.
795 1630 869 1664 11.
897 1614 1015 1666 Neh.
1047 1619 1147 1669 XII·
1177 1635 1256 1682 44.
1294 1622 1340 1670 &

327 1677 456 1727 Xffl.
483 1689 555 1726 10.
581 1675 711 1741 seqq.
767 1679 971 1732 Malach.
996 1685 1078 1736 111.
1109 1700 1181 1738 10.
1226 1703 1338 1736 cum

326 1752 462 1795 antea
483 1743 618 1794 omni
639 1743 688 1795 in
708 1743 815 1796 loco
837 1747 939 1800 dari
962 1748 1158 1817 possent.

77 1858 243 1901 Decimae
386 1862 529 1914 XXX.
556 1865 789 1928 Separatis
822 1866 869 1915 in
894 1865 1031 1920 usum
1051 1871 1334 1922 Levitarum

66 1912 254 1968 ficundae.
322 1925 367 1978 &
398 1929 708 1982 Sacerdotum
741 1932 964 1993 decimi8‚
1016 1935 1073 1986 ab
1106 1953 1164 1987 eo
1194 1939 1329 2006 quod

321 1991 543 2054 restabat,
590 1998 823 2051 Dominus
843 1999 1019 2052 iterum
1045 2014 1231 2067 partem
1251 2005 1330 2057 de-

310 2062 494 2109 cimam
518 2061 728 2123 tollebat,
757 2081 865 2129 quae
883 2063 1328 2133 decimarumstcun-

317 2123 481 2173 darum
504 2129 700 2181 nomine
722 2131 855 2184 innui
875 2131 1018 2194 solet,'
1046 2135 1089 2186 84
1117 2138 1325 2187 Domino

315 2189 402 2262 ipfi
457 2195 653 2261 quidem
707 2197 952 2256 manebat,
1021 2199 1099 2255 std
1150 2214 1324 2280 tamen,

1214 2286 1323 2334 qma
