1378 2392
57 919 154 964 Ah'ae
166 914 291 958 cultus

52 985 198 1034 partes.

37 1641 211 1688 Custodia

37 1699 184 1753 templi.

320 78 425 130 ἀξ-θ
526 71 640 120 Pars
663 73 686 121 1
689 111 701 123 .
738 72 815 123 De
836 73 972 126 Statu
995 77 1174 147 Ecclefi

631 246 803 296 CAP.
872 249 1018 299 XIX.

793 354 869 405 De

322 443 524 526 Templi
545 442 785 518 custodia,
808 445 1021 520 musica,
1048 445 1336 522 Lychnuchi

349 545 703 618 adaptatione,
713 541 935 617 fitffitus
958 546 1294 610 oblatione&

471 645 812 703 henedicii‘ione
820 645 1160 723 sacerdotali.

815 819 849 868 Ι.

381 916 521 955 raeter
548 917 851 955 enumeratas
884 904 969 954 has
1013 905 1170 955 cultus
1209 904 1324 958 sacri

410 985 593 1039 partes,
648 974 705 1022 ad
740 989 859 1037 quas
889 971 1110 1022 Israelitae
1151 990 1323 1024 omnes

303 1041 681 1096 concurrebant,
714 1041 815 1089 aliae
838 1039 946 1089 solis
967 1039 1214 1090 sanstuarii
1231 1043 1321 1090 mi·

297 1107 455 1157 nistris
477 1111 692 1174 propria·
711 1106 926 1167 fuerunt,
962 1122 1169 1173 quarum
1191 1125 1319 1173 quae·

296 1175 408 1224 dam
443 1175 619 1223 iterum
640 1175 824 1224 Levitis
849 1191 986 1238 aeque
1017 1190 1070 1223 ac
1090 1176 1317 1224 Sacerdo-

294 1242 424 1290 tibus
446 1259 746 1302 communes,
768 1240 870 1290 aliae
890 1240 964 1289 his
986 1240 1095 1290 solis
1118 1241 1320 1290 deman--

292 1310 416 1358 datae
439 1321 591 1357 erant.
642 1310 717 1357 Ad
738 1310 926 1374 priores
947 1310 1158 1373 pertinet
1179 1309 1316 1371 custo·-

291 1374 372 1424 dia
403 1377 447 1425 8<
473 1376 640 1443 musica
670 1375 868 1440 templi,
923 1377 980 1423 ad
1019 1374 1313 1441 posteriores

289 1442 311 1491 l
342 1443 541 1492 clmuclzi
563 1441 799 1498 adaptatio
816 1480 828 1501 ,
859 1440 1048 1506 suffitus
1075 1439 1243 1491 oblatio
1263 1443 1310 1492 8<

285 1461 529 1560 ὖζηεᾶἰέἶὶο
561 1507 882 1560 Sacerdotalis.

351 1634 411 1680 11.
449 1632 531 1679 Uti
565 1633 691 1679 Deus
722 1632 771 1679 in
800 1629 987 1696 templo
1016 1647 1103 1679 ceu
1124 1630 1226 1678 Rex
1256 1629 1308 1678 in

281 1697 536 1764 splendido
557 1698 732 1764 palatio
757 1697 1014 1754 habitabat,
1041 1699 1103 1746 ita
1126 1697 1183 1745 ad
1208 1712 1306 1744 ma-

279 1767 354 1831 jus
373 1767 519 1814 decus
549 1766 873 1829 ordinemque
904 1764 1194 1813 servandum
1215 1764 1303 1812 mi·-

277 1831 410 1882 nistri
435 1831 694 1892 constituti,
732 1833 885 1896 quiin
903 1833 1057 1897 portis
1077 1829 1302 1879 excubias

274 1911 490 1966 agerent.
563 1902 658 1948 Has
689 1899 828 1947 multi
858 1898 920 1947 de
941 1898 1083 1947 noste
1110 1908 1300 1946 tantum

273 1963 398 2016 astas
430 1966 625 2025 volunt,
671 1963 750 2014 sed
780 1967 826 2014 &
858 1981 933 2014 res
970 1964 1067 2031 ipsa
1098 1965 1143 2014 &
1171 1963 1298 2012 testi-

271 2034 436 2083 monia
462 2033 704 2086 Philonis,
751 2031 970 2098 Josephi,
1012 2033 1058 2082 &
1088 2029 1298 2080 nonnul-

270 2100 434 2150 lorum
466 2100 822 2157 Rabbimrum,
870 2101 1033 2166 potius
1065 2099 1198 2148 idem
1233 2097 1296 2146 de

269 2167 349 2220 die
379 2184 579 2236 quoque
604 2164 854 2219 obtinuisse
885 2168 1155 2242 evincuntz·
1184 2164 1297 2213 licet

1141 2246 1295 2283 mcer-
