1378 2392
182 91 298 154 Cap.
314 86 350 137 1‘.
385 85 460 136 De
475 84 779 136 Matrimonia
796 83 894 134 &ca
964 97 1058 146 509

51 232 198 280 mitum
231 229 387 295 ipsum
416 229 495 279 vel
525 246 613 296 per
638 228 851 277 Scribam
871 229 1058 293 populi,

50 307 133 349 aut
153 295 312 353 alium,
341 297 400 344 ad
421 297 469 345 id
489 297 777 361 delegatum,
811 305 937 343 certa
959 293 1058 342 for-

49 361 205 420 mula,
240 362 498 411 duodecim
516 363 672 418 lineiS,
704 361 839 409 omni
865 360 1056 424 liquore

48 439 130 481 aut
154 430 349 477 materia
370 427 600 488 mensura,
624 429 671 476 in
692 442 978 491 quacunque
1001 442 1056 474 re

0 496 2 503 '
48 495 127 544 cui
144 493 333 544 inscribi
349 494 514 560 poffet,
532 496 577 544 Sc
601 510 626 543 a
647 493 836 543 duobus
859 491 1055 543 testibus

47 559 439 611 subscribebatur.

113 649 214 696 XL.
251 645 427 695 Iisdem
461 642 747 715 Austoribus
774 642 808 694 fi
838 646 945 710 quis
968 643 1050 695 sub
1064 655 1280 710 Repudium

48 723 175 763 certa
200 711 473 761 conditione
503 723 618 764 ’Nm
648 718 711 776 Ἅι
739 728 945 761 uxorem
978 729 1050 761 re·
1065 711 1249 751 conditio·

47 778 300 846 pudiaffet,
358 778 633 828 conditione
664 778 741 827 illa
780 774 1212 844 adimpleta,¹¹‘⁸‘“m·

48 857 235 896 tanturn
257 846 501 911 repudiata
532 856 654 905 erat,
685 845 853 893 eadem
892 857 1054 895 autem

48 929 151 962 non
179 910 416 972 exstante,
472 911 736 961 divortium
763 926 960 976 quoque
987 912 1056 961 lo-

50 995 162 1028 cum
192 995 291 1026 non
322 976 537 1028 habebat.
614 980 737 1027 Ante
765 979 1055 1028 conditionis

49 1044 384 1112 impletionem
417 1056 577 1093 autem
607 1045 779 1093 marito
810 1045 1058 1111 integrum

51 1122 153 1162 erat
179 1126 284 1161 eam
310 1109 502 1160 abolere
528 1122 607 1159 aut
637 1121 837 1160 mutare.
907 1113 982 1160 Sic
1010 1113 1057 1161 8<

49 1189 182 1228 certo
206 1189 430 1244 tempore
449 1175 663 1234 definito,
679 1193 776 1242 quo
796 1179 1057 1243 repudium

46 1246 150 1295 vim
169 1245 299 1294 suam
323 1243 683 1304 nancisceretur,
694 1255 802 1292 ante
821 1245 937 1294 illud
954 1261 1059 1294 non

49 1309 327 1360 censebatur
348 1311 628 1376 repudiata,
661 1326 821 1375 neque
843 1312 984 1360 etiam
1020 1309 1056 1360 fi

47 1378 229 1427 interea
246 1377 481 1443 temporis
502 1378 700 1426 maritus
717 1388 953 1435 mortuUS,
977 1387 1059 1428 aut

48 1442 238 1493 libellus
268 1443 479 1509 repudii,
521 1441 618 1492 fine
653 1444 865 1493 mulieris
899 1443 1055 1512 culpa,

50 1511 268 1577 perditus
292 1521 372 1560 aut
388 1508 663 1559 combustus
685 1510 810 1560 effet.

112 1601 238 1649 XLI.
254 1598 624 1666 Quamprimum
640 1599 746 1664 quis
755 1613 960 1649 uxorem
979 1615 1048 1649 re·
1062 1605 1235 1663 Dimiffi'o

47 1666 342 1732 pudiaverat‚
377 1682 482 1715 eam
503 1682 564 1715 ex
582 1666 761 1715 aedibus
782 1666 871 1715 suis
893 1665 1279 1717 dimit-repudiatae.

45 1743 175 1789 tere,
207 1748 296 1781 nec
315 1731 438 1782 solus
461 1749 571 1782 curn
597 1731 692 1782 sola
714 1734 761 1781 in
782 1733 948 1782 eadem
967 1733 1052 1782 do-

47 1815 134 1848 mo
161 1809 240 1848 aut
264 1798 478 1850 conclavi
500 1815 693 1848 manere
724 1798 956 1856 debebat,
990 1798 1054 1848 se-

49 1881 134 1914 cus
164 1862 198 1913 fi
226 1863 424 1926 fecisset,
466 1877 547 1915 aut
567 1883 655 1930 per
674 1864 813 1915 testes
832 1867 1056 1917 convinci

89 1928 231 1992 offset,
296 1949 407 1982 cum
438 1931 515 1982 illa
543 1934 720 1982 iterum
752 1931 1053 1994 consueviffe,

87 1995 312 2048 abebatur
348 2014 401 2048 ac
438 1997 471 2047 fi
510 2014 616 2048 eam
646 2000 806 2056 denuo
845 2014 1053 2048 uxorem

48 2062 264 2124 duxiffet‚
297 2081 386 2114 nec
403 2063 500 2115 fine
519 2082 650 2117 novo
668 2065 831 2117 libello
862 2065 1055 2132 repudii

48 2130 227 2182 dimitti
254 2142 460 2198 poterat.

901 2220 1052 2272 XLII.
