1378 2392
333 23 395 74 82
527 13 640 67 Pars
661 17 701 69 1.
736 10 810 70 D'e
829 16 964 72 Statu
986 16 1181 90 Ecclefi,
1258 40 1260 42 ·

334 159 402 215 X,
446 159 578 226 cujus
624 177 775 212 unum
826 163 1041 216 cubitum
1080 165 1345 232 occupabat

337 223 730 286 fundamentum,
767 230 881 280 inde
909 247 1060 296 usque
1090 233 1150 283 ad
1178 235 1343 283 circui·

335 301 467 351 tum,
502 308 651 342 unum
670 294 884 346 cubitum
901 297 1074 354 latum,
1110 311 1245 348 erant
1263 316 1342 351 cu-

335 356 423 406 biti
453 361 506 418 V,
549 358 688 426 supra
717 364 966 413 circuitum
997 376 1156 414 autem
1186 365 1245 414 ad
1273 363 1343 415 su·

333 422 580 489 perficiem
597 442 764 491 usque,
783 432 849 478 111
873 430 1034 490 cubiti,
1056 431 1139 479 ubi
1159 432 1207 479 in
1229 446 1343 496 qua·

332 501 446 540 tuor
478 492 661 556 angulis
690 496 894 544 totidem
927 496 1202 546 eminebant
1237 514 1342 547 cor-

333 572 451 615 nua,
488 556 702 608 cubitum
721 560 834 618 alta,
870 561 1013 627 longa
1033 564 1078 612 8(
1106 562 1210 613 lata.

137 633 268 676 clivus
395 625 562 674 XXVI.
600 626 742 689 Quod
772 625 804 675 fi
837 629 884 676 in
905 629 1237 686 tabernaculo,
1270 631 1342 681 uti

138 685 234 740 σάω·
330 687 467 755 supra
499 689 675 748 visum,
709 693 769 742 ad
799 693 941 743 altare
966 696 1063 759 jam
1098 697 1343 746 mediante

329 756 454 805 clivo
481 755 864 816 adscendebatur,
874 762 1030 810 multo
1049 763 1200 829 magis
1217 763 1269 811 id
1288 763 1340 814 in

330 822 545 887 temp10‚
579 822 660 873 ubi
683 826 883 876 altitudo
910 828 1010 892 ejus
1031 829 1200 894 major,
1234 825 1340 878 fieri

332 888 511 941 debuit.
578 893 633 938 In
654 893 839 956 templo
853 897 891 941 Η
908 895 1074 958 Judaei,
1095 893 1203 944 clivi
1215 893 1350 944 XVI

330 953 434 1003 cub.
458 952 559 1011 lati,
579 955 708 1023 longi
721 959 869 1008 XXX
883 961 930 1007 in
949 959 1065 1020 solo,
1081 961 1130 1009 in
1151 959 1342 1010 adscen-

327 1018 380 1069 su
399 1033 557 1070 autem
578 1024 679 1087 (qui
698 1025 743 1073 &
769 1025 846 1074 hic
864 1026 1051 1075 acclivis
1072 1025 1163 1077 fuit
1179 1029 1338 1094 gradi-

330 1084 517 1151 busque
549 1090 718 1155 caruit)
756 1091 954 1148 XXXII,
999 1093 1340 1142 meminerunt,

329 1153 442 1208 Hic,
475 1167 536 1203 ex
566 1153 792 1205 sententia
817 1158 1096 1222 Judaeorum
1112 1158 1215 1222 fiale
1237 1175 1338 1208 con-

315 1215 363 1284 s
381 1220 480 1286 ergi
494 1217 687 1283 filaus,
715 1223 974 1290 tumuloque
983 1222 1105 1288 fidis
1131 1225 1180 1273 in
1201 1224 1339 1275 usum

327 1235 664 1336 fgcrificiorum
688 1288 746 1337 ad
761 1290 998 1339 orientem
1010 1289 1278 1347 instrustuS,
1291 1291 1337 1341 &

327 1353 521 1400 cavitate
542 1363 689 1408 35:727
712 1355 768 1404 ad
793 1356 1108 1413 occidentem,
1122 1359 1340 1422 recipienz

324 1415 401 1465 dis
415 1417 668 1481 Jizcrificiis
703 1421 1018 1485 piacularibus
1045 1422 1242 1488 pollutis
1273 1437 1336 1473 ex

326 1483 509 1541 avibm,
524 1484 765 1546 destinata,
778 1488 834 1535 ad
859 1486 1158 1553 superficiem
1177 1489 1338 1540 aitaris

325 1548 546 1611 ducebat,
579 1552 624 1601 &
645 1552 703 1601 ab
723 1553 856 1602 altari
875 1554 977 1620 ipso
996 1557 1162 1621 exiguo
1175 1553 1338 1620 spatio

325 1615 547 1675 distabat3
599 1619 658 1667 ad
703 1631 969 1685 utrumque
1016 1621 1136 1670 latus
1191 1620 1338 1671 clivus

323 1683 475 1730 minor
496 1682 572 1732 seu
581 1684 848 1748 ponticulus
866 1699 967 1735 erat
995 1687 1053 1736 ad
1079 1688 1333 1737 circuitum

320 1749 551 1807 tenden83
585 1765 674 1815 per
701 1751 963 1801 orientalem
997 1754 1056 1802 ad
1081 1753 1334 1803 circuitum

321 1813 717 1876 adscendebatur,
753 1833 841 1883 per
875 1817 1192 1868 occidentalem
1222 1835 1335 1870 con-

314 1892 387 1930 t=ra
412 1895 471 1929 ex
493 1883 665 1932 eodem
689 1882 1078 1934 descendebatur.

67 1935 294 2002 superficies
382 1949 611 1998 XXVII.
677 1950 944 2015 *Superficies
1000 1950 1169 2002 altarix
1231 1960 1338 2000 erat

66 1991 221 2034 ‘mm‘
313 2015 514 2064 XXVm
550 2012 852 2074 cubitorum,
896 2018 1025 2066 unde
1056 2028 1219 2067 tamen
1250 2017 1334 2066 de-

315 2081 521 2131 mendus
541 2082 728 2133 cubitus
751 2098 874 2134 unus
891 2099 985 2149 pro
1009 2082 1206 2134 craffitie·
1227 2098 1334 2132 cor·
1355 2132 1375 2158 ,τ

1159 2162 1330 2209 nuum,
