<?xml version="1.0" encoding="UTF-8"?>
<!DOCTYPE html PUBLIC "-//W3C//DTD XHTML 1.0 Transitional//EN"
    "http://www.w3.org/TR/xhtml1/DTD/xhtml1-transitional.dtd">
<html xmlns="http://www.w3.org/1999/xhtml" xml:lang="en" lang="en">
 <head>
  <title>
</title>
<meta http-equiv="Content-Type" content="text/html;charset=utf-8" />
  <meta name='ocr-system' content='tesseract 3.04.00' />
  <meta name='ocr-capabilities' content='ocr_page ocr_carea ocr_par ocr_line ocrx_word'/>
</head>
<body>
  <div class='ocr_page' id='page_1' title='image "./antiquitateshebr00iken_0256.png"; bbox 0 0 1378 2392; ppageno 0'>
   <div class='ocr_carea' id='block_1_1' title="bbox 361 85 1181 158">
    <p class='ocr_par' dir='ltr' id='par_1_1' title="bbox 361 85 1181 158">
     <span class='ocr_line' id='line_1_1' title="bbox 361 85 1181 158; baseline 0.006 -21"><span class='ocrx_word' id='word_1_1' title='bbox 361 104 389 138; x_wconf 85' lang='lat'>2</span> <span class='ocrx_word' id='word_1_2' title='bbox 399 92 459 151; x_wconf 85' lang='lat'>36</span> <span class='ocrx_word' id='word_1_3' title='bbox 556 86 669 140; x_wconf 82' lang='lat' dir='ltr'>Pars</span> <span class='ocrx_word' id='word_1_4' title='bbox 686 93 723 141; x_wconf 86' lang='lat'>1.</span> <span class='ocrx_word' id='word_1_5' title='bbox 762 85 837 141; x_wconf 87' lang='lat' dir='ltr'>De</span> <span class='ocrx_word' id='word_1_6' title='bbox 857 90 989 142; x_wconf 83' lang='lat' dir='ltr'><em>Statu</em></span> <span class='ocrx_word' id='word_1_7' title='bbox 1006 90 1181 158; x_wconf 73' lang='lat' dir='ltr'>Ecclefi</span> 
     </span>
    </p>
   </div>
   <div class='ocr_carea' id='block_1_2' title="bbox 1251 191 1364 202">
    <p class='ocr_par' dir='ltr' id='par_1_2' title="bbox 1251 191 1364 202">
     <span class='ocr_line' id='line_1_2' title="bbox 1251 191 1364 202; baseline 0.009 -1"><span class='ocrx_word' id='word_1_8' title='bbox 1251 191 1364 202; x_wconf 69' lang='lat'>--——-</span> 
     </span>
    </p>
   </div>
   <div class='ocr_carea' id='block_1_3' title="bbox 87 236 1362 2165">
    <p class='ocr_par' dir='ltr' id='par_1_3' title="bbox 87 236 1362 2165">
     <span class='ocr_line' id='line_1_3' title="bbox 112 236 1362 304; baseline 0.004 -22"><span class='ocrx_word' id='word_1_9' title='bbox 112 243 285 304; x_wconf 43' lang='lat' dir='ltr'>Domus-</span> <span class='ocrx_word' id='word_1_10' title='bbox 422 240 587 287; x_wconf 91' lang='grc' dir='ltr'>ΧΧΙΧ.</span> <span class='ocrx_word' id='word_1_11' title='bbox 618 237 796 287; x_wconf 66' lang='lat' dir='ltr'>Domai·</span> <span class='ocrx_word' id='word_1_12' title='bbox 825 247 904 285; x_wconf 79' lang='lat' dir='ltr'>aut</span> <span class='ocrx_word' id='word_1_13' title='bbox 936 236 1036 286; x_wconf 80' lang='lat' dir='ltr'>aliae</span> <span class='ocrx_word' id='word_1_14' title='bbox 1066 253 1142 287; x_wconf 86' lang='lat' dir='ltr'>res</span> <span class='ocrx_word' id='word_1_15' title='bbox 1161 239 1261 286; x_wconf 91' lang='lat' dir='ltr'>Deo</span> <span class='ocrx_word' id='word_1_16' title='bbox 1283 239 1362 287; x_wconf 89' lang='lat' dir='ltr'>de-</span> 
     </span>
     <span class='ocr_line' id='line_1_4' title="bbox 112 294 1360 362; baseline 0.004 -14"><span class='ocrx_word' id='word_1_17' title='bbox 112 304 204 348; x_wconf 70' lang='lat' dir='ltr'>ager</span> <span class='ocrx_word' id='word_1_18' title='bbox 230 294 327 335; x_wconf 69' lang='lat'><strong><em>‘¹¹¹⁰-</em></strong></span> <span class='ocrx_word' id='word_1_19' title='bbox 356 316 482 353; x_wconf 85' lang='lat' dir='ltr'>votae</span> <span class='ocrx_word' id='word_1_20' title='bbox 501 303 576 354; x_wconf 84' lang='lat' dir='ltr'>vel</span> <span class='ocrx_word' id='word_1_21' title='bbox 597 303 942 362; x_wconf 83' lang='lat' dir='ltr'>vendebantur,</span> <span class='ocrx_word' id='word_1_22' title='bbox 978 302 1056 351; x_wconf 91' lang='lat' dir='ltr'>vel</span> <span class='ocrx_word' id='word_1_23' title='bbox 1074 301 1105 351; x_wconf 85' lang='lat' dir='ltr'>fi</span> <span class='ocrx_word' id='word_1_24' title='bbox 1126 305 1360 353; x_wconf 80' lang='lat' dir='ltr'>Dominus</span> 
     </span>
     <span class='ocr_line' id='line_1_5' title="bbox 104 349 1360 454; baseline 0.002 -37"><span class='ocrx_word' id='word_1_25' title='bbox 104 349 320 454; x_wconf 47' lang='lat' dir='ltr'>gziglohgn.</span> <span class='ocrx_word' id='word_1_26' title='bbox 355 369 454 419; x_wconf 81' lang='lat' dir='ltr'>illas</span> <span class='ocrx_word' id='word_1_27' title='bbox 479 371 716 421; x_wconf 85' lang='lat' dir='ltr'>redimere</span> <span class='ocrx_word' id='word_1_28' title='bbox 749 369 917 429; x_wconf 89' lang='lat' dir='ltr'>vellet,</span> <span class='ocrx_word' id='word_1_29' title='bbox 951 369 1072 418; x_wconf 81' lang='lat' dir='ltr'>ultra</span> <span class='ocrx_word' id='word_1_30' title='bbox 1101 371 1309 435; x_wconf 87' lang='lat' dir='ltr'>pretium</span> <span class='ocrx_word' id='word_1_31' title='bbox 1334 388 1360 420; x_wconf 79' lang='lat' dir='ltr'>a</span> 
     </span>
     <span class='ocr_line' id='line_1_6' title="bbox 101 434 1359 512; baseline -0.002 -25"><span class='ocrx_word' id='word_1_32' title='bbox 101 454 271 512; x_wconf 55' lang='lat' dir='ltr'>samm,</span> <span class='ocrx_word' id='word_1_33' title='bbox 347 434 608 487; x_wconf 74' lang='lat' dir='ltr'>&#39;Sacerdote</span> <span class='ocrx_word' id='word_1_34' title='bbox 640 435 893 495; x_wconf 81' lang='lat' dir='ltr'>statutum,</span> <span class='ocrx_word' id='word_1_35' title='bbox 954 436 1170 499; x_wconf 81' lang='lat' dir='ltr'>quintam</span> <span class='ocrx_word' id='word_1_36' title='bbox 1203 437 1359 485; x_wconf 78' lang='lat' dir='ltr'>adhuc</span> 
     </span>
     <span class='ocr_line' id='line_1_7' title="bbox 102 501 1356 571; baseline -0.001 -18"><span class='ocrx_word' id='word_1_37' title='bbox 102 513 106 515; x_wconf 82' lang='grc'><strong>’</strong></span> <span class='ocrx_word' id='word_1_38' title='bbox 351 515 540 570; x_wconf 84' lang='lat' dir='ltr'>partem</span> <span class='ocrx_word' id='word_1_39' title='bbox 561 503 674 554; x_wconf 84' lang='lat' dir='ltr'>dare</span> <span class='ocrx_word' id='word_1_40' title='bbox 694 501 912 554; x_wconf 81' lang='lat' dir='ltr'>debebat.</span> <span class='ocrx_word' id='word_1_41' title='bbox 977 503 1112 571; x_wconf 86' lang='lat' dir='ltr'>Ager</span> <span class='ocrx_word' id='word_1_42' title='bbox 1124 518 1242 551; x_wconf 89' lang='lat' dir='ltr'>vero</span> <span class='ocrx_word' id='word_1_43' title='bbox 1262 501 1356 552; x_wconf 83' lang='lat' dir='ltr'>hae-</span> 
     </span>
     <span class='ocr_line' id='line_1_8' title="bbox 350 568 1354 635; baseline -0.003 -14"><span class='ocrx_word' id='word_1_44' title='bbox 350 569 601 621; x_wconf 84' lang='lat' dir='ltr'>reditarius</span> <span class='ocrx_word' id='word_1_45' title='bbox 629 580 707 620; x_wconf 80' lang='lat' dir='ltr'>aut</span> <span class='ocrx_word' id='word_1_46' title='bbox 726 570 825 634; x_wconf 87' lang='lat' dir='ltr'>ejus</span> <span class='ocrx_word' id='word_1_47' title='bbox 848 568 1067 632; x_wconf 66' lang='lat' dir='ltr'>quaedam</span> <span class='ocrx_word' id='word_1_48' title='bbox 1091 583 1222 633; x_wconf 69' lang='lat' dir='ltr'>pam,</span> <span class='ocrx_word' id='word_1_49' title='bbox 1261 585 1354 635; x_wconf 88' lang='lat' dir='ltr'>pro</span> 
     </span>
     <span class='ocr_line' id='line_1_9' title="bbox 349 635 1354 699; baseline 0 -15"><span class='ocrx_word' id='word_1_50' title='bbox 349 652 507 686; x_wconf 82' lang='lat' dir='ltr'>annuo</span> <span class='ocrx_word' id='word_1_51' title='bbox 538 636 693 687; x_wconf 72' lang='lat' dir='ltr'>reditu</span> <span class='ocrx_word' id='word_1_52' title='bbox 716 636 760 687; x_wconf 84' lang='lat'>&amp;</span> <span class='ocrx_word' id='word_1_53' title='bbox 782 635 959 685; x_wconf 88' lang='lat' dir='ltr'>minori</span> <span class='ocrx_word' id='word_1_54' title='bbox 992 635 1223 699; x_wconf 75' lang='lat' dir='ltr'>maiorive</span> <span class='ocrx_word' id='word_1_55' title='bbox 1243 638 1354 685; x_wconf 83' lang='lat' dir='ltr'>anni</span> 
     </span>
     <span class='ocr_line' id='line_1_10' title="bbox 345 701 1351 768; baseline -0.001 -17"><span class='ocrx_word' id='word_1_56' title='bbox 345 702 529 766; x_wconf 83' lang='lat' dir='ltr'>Jubilaei</span> <span class='ocrx_word' id='word_1_57' title='bbox 555 703 914 768; x_wconf 79' lang='lat' dir='ltr'>propinquitate</span> <span class='ocrx_word' id='word_1_58' title='bbox 933 701 1196 760; x_wconf 76' lang='lat' dir='ltr'>taxabatur,</span> <span class='ocrx_word' id='word_1_59' title='bbox 1217 703 1351 766; x_wconf 89' lang='lat' dir='ltr'>quod</span> 
     </span>
     <span class='ocr_line' id='line_1_11' title="bbox 348 766 1353 835; baseline -0.002 -16"><span class='ocrx_word' id='word_1_60' title='bbox 348 766 384 819; x_wconf 85' lang='lat' dir='ltr'><strong>fi</strong></span> <span class='ocrx_word' id='word_1_61' title='bbox 403 784 428 821; x_wconf 79' lang='lat' dir='ltr'>a</span> <span class='ocrx_word' id='word_1_62' title='bbox 443 771 651 818; x_wconf 91' lang='lat' dir='ltr'>Domino</span> <span class='ocrx_word' id='word_1_63' title='bbox 675 767 768 819; x_wconf 92' lang='lat' dir='ltr'>hoc</span> <span class='ocrx_word' id='word_1_64' title='bbox 790 768 947 835; x_wconf 90' lang='lat' dir='ltr'>pretio</span> <span class='ocrx_word' id='word_1_65' title='bbox 973 783 1071 817; x_wconf 90' lang='lat' dir='ltr'>non</span> <span class='ocrx_word' id='word_1_66' title='bbox 1095 767 1353 818; x_wconf 89' lang='lat' dir='ltr'>redimere-</span> 
     </span>
     <span class='ocr_line' id='line_1_12' title="bbox 344 833 1353 900; baseline -0.001 -17"><span class='ocrx_word' id='word_1_67' title='bbox 344 848 446 894; x_wconf 84' lang='lat' dir='ltr'>tur,</span> <span class='ocrx_word' id='word_1_68' title='bbox 483 838 636 886; x_wconf 80' lang='lat' dir='ltr'>necin</span> <span class='ocrx_word' id='word_1_69' title='bbox 659 851 783 886; x_wconf 81' lang='lat' dir='ltr'>anno</span> <span class='ocrx_word' id='word_1_70' title='bbox 803 833 1002 900; x_wconf 83' lang='lat' dir='ltr'>Jubilaeo</span> <span class='ocrx_word' id='word_1_71' title='bbox 1024 833 1083 884; x_wconf 86' lang='lat' dir='ltr'>ad</span> <span class='ocrx_word' id='word_1_72' title='bbox 1105 833 1260 899; x_wconf 87' lang='lat' dir='ltr'>ipsum</span> <span class='ocrx_word' id='word_1_73' title='bbox 1282 851 1353 883; x_wconf 90' lang='lat' dir='ltr'>re-</span> 
     </span>
     <span class='ocr_line' id='line_1_13' title="bbox 345 899 1352 967; baseline 0.001 -18"><span class='ocrx_word' id='word_1_74' title='bbox 345 902 490 961; x_wconf 84' lang='lat' dir='ltr'>dibat,</span> <span class='ocrx_word' id='word_1_75' title='bbox 511 901 590 950; x_wconf 90' lang='lat' dir='ltr'>sed</span> <span class='ocrx_word' id='word_1_76' title='bbox 611 901 921 951; x_wconf 82' lang='lat' dir='ltr'>sacerdotum</span> <span class='ocrx_word' id='word_1_77' title='bbox 952 912 1066 951; x_wconf 81' lang='lat' dir='ltr'>erat.</span> <span class='ocrx_word' id='word_1_78' title='bbox 1103 899 1232 967; x_wconf 79' lang='lat' dir='ltr'><em>Vasa</em></span> <span class='ocrx_word' id='word_1_79' title='bbox 1251 903 1352 950; x_wconf 89' lang='lat' dir='ltr'>Deo</span> 
     </span>
     <span class='ocr_line' id='line_1_14' title="bbox 343 966 1351 1034; baseline 0 -18"><span class='ocrx_word' id='word_1_80' title='bbox 343 968 524 1023; x_wconf 85' lang='lat' dir='ltr'>oblata.</span> <span class='ocrx_word' id='word_1_81' title='bbox 557 969 606 1016; x_wconf 85' lang='lat' dir='ltr'>in</span> <span class='ocrx_word' id='word_1_82' title='bbox 640 967 854 1019; x_wconf 84' lang='lat' dir='ltr'>conclavi</span> <span class='ocrx_word' id='word_1_83' title='bbox 884 966 1129 1022; x_wconf 79' lang='lat' dir='ltr'>vasorum,</span> <span class='ocrx_word' id='word_1_84' title='bbox 1165 967 1226 1016; x_wconf 92' lang='lat' dir='ltr'>de</span> <span class='ocrx_word' id='word_1_85' title='bbox 1250 983 1351 1034; x_wconf 88' lang='lat' dir='ltr'>quo</span> 
     </span>
     <span class='ocr_line' id='line_1_15' title="bbox 339 1033 1349 1100; baseline -0.003 -15"><span class='ocrx_word' id='word_1_86' title='bbox 339 1033 479 1100; x_wconf 69' lang='lat' dir='ltr'>stupra</span> <span class='ocrx_word' id='word_1_87' title='bbox 499 1035 701 1098; x_wconf 78' lang='lat' dir='ltr'>(V111.§.</span> <span class='ocrx_word' id='word_1_88' title='bbox 715 1037 882 1090; x_wconf 78' lang='lat' dir='ltr'><strong>XVII.)</strong></span> <span class='ocrx_word' id='word_1_89' title='bbox 906 1033 1288 1098; x_wconf 81' lang='lat' dir='ltr'>deponebantur,</span> <span class='ocrx_word' id='word_1_90' title='bbox 1303 1035 1349 1082; x_wconf 99' lang='grc'>8(</span> 
     </span>
     <span class='ocr_line' id='line_1_16' title="bbox 341 1098 1350 1168; baseline -0.002 -18"><span class='ocrx_word' id='word_1_91' title='bbox 341 1117 451 1168; x_wconf 81' lang='lat' dir='ltr'>quae</span> <span class='ocrx_word' id='word_1_92' title='bbox 467 1102 525 1150; x_wconf 87' lang='lat' dir='ltr'>ad</span> <span class='ocrx_word' id='word_1_93' title='bbox 547 1101 681 1150; x_wconf 85' lang='lat' dir='ltr'>usum</span> <span class='ocrx_word' id='word_1_94' title='bbox 701 1100 875 1165; x_wconf 84' lang='lat' dir='ltr'>templi</span> <span class='ocrx_word' id='word_1_95' title='bbox 897 1101 1083 1157; x_wconf 83' lang='lat' dir='ltr'>idonea,</span> <span class='ocrx_word' id='word_1_96' title='bbox 1103 1098 1350 1148; x_wconf 82' lang='lat' dir='ltr'>servaban-</span> 
     </span>
     <span class='ocr_line' id='line_1_17' title="bbox 338 1166 1350 1235; baseline 0.001 -20"><span class='ocrx_word' id='word_1_97' title='bbox 338 1177 442 1223; x_wconf 88' lang='lat' dir='ltr'>tur,</span> <span class='ocrx_word' id='word_1_98' title='bbox 476 1168 671 1231; x_wconf 80' lang='lat' dir='ltr'>reliqnis</span> <span class='ocrx_word' id='word_1_99' title='bbox 693 1168 924 1222; x_wconf 85' lang='lat' dir='ltr'>venditis,</span> <span class='ocrx_word' id='word_1_100' title='bbox 957 1166 1214 1235; x_wconf 83' lang='lat' dir='ltr'>pretioque</span> <span class='ocrx_word' id='word_1_101' title='bbox 1238 1182 1350 1216; x_wconf 88' lang='lat' dir='ltr'>con-</span> 
     </span>
     <span class='ocr_line' id='line_1_18' title="bbox 340 1233 927 1306; baseline 0.003 -25"><span class='ocrx_word' id='word_1_102' title='bbox 340 1234 459 1286; x_wconf 70' lang='lat' dir='ltr'>clavi</span> <span class='ocrx_word' id='word_1_103' title='bbox 493 1247 616 1288; x_wconf 56' lang='grc' dir='ltr'>πνεῖ-τ</span> <span class='ocrx_word' id='word_1_104' title='bbox 650 1245 747 1306; x_wconf 63' lang='lat'>527:</span> <span class='ocrx_word' id='word_1_105' title='bbox 780 1233 927 1287; x_wconf 81' lang='lat' dir='ltr'>illato.</span> 
     </span>
     <span class='ocr_line' id='line_1_19' title="bbox 87 1297 1345 1362; baseline -0.004 -12"><span class='ocrx_word' id='word_1_106' title='bbox 87 1308 221 1354; x_wconf 68' lang='lat' dir='ltr'>tn&#39;m</span> <span class='ocrx_word' id='word_1_107' title='bbox 242 1306 312 1362; x_wconf 61' lang='lat' dir='ltr'>[bu</span> <span class='ocrx_word' id='word_1_108' title='bbox 404 1304 547 1353; x_wconf 81' lang='lat' dir='ltr'>XXX.</span> <span class='ocrx_word' id='word_1_109' title='bbox 585 1301 725 1350; x_wconf 84' lang='lat' dir='ltr'>Aliud</span> <span class='ocrx_word' id='word_1_110' title='bbox 756 1301 858 1351; x_wconf 86' lang='lat' dir='ltr'>voti</span> <span class='ocrx_word' id='word_1_111' title='bbox 913 1315 1030 1348; x_wconf 80' lang='lat' dir='ltr'>enus</span> <span class='ocrx_word' id='word_1_112' title='bbox 1051 1308 1177 1356; x_wconf 84' lang='lat' dir='ltr'>erat,</span> <span class='ocrx_word' id='word_1_113' title='bbox 1211 1297 1345 1362; x_wconf 89' lang='lat' dir='ltr'>quod</span> 
     </span>
     <span class='ocr_line' id='line_1_20' title="bbox 89 1363 1344 1429; baseline 0.006 -26"><span class='ocrx_word' id='word_1_114' title='bbox 89 1363 260 1410; x_wconf 58' lang='grc' dir='ltr'>άνάθεμαι</span> <span class='ocrx_word' id='word_1_115' title='bbox 340 1368 538 1419; x_wconf 85' lang='lat' dir='ltr'>nomine</span> <span class='ocrx_word' id='word_1_116' title='bbox 566 1376 698 1423; x_wconf 64' lang='grc' dir='ltr'>ΕἺΠ</span> <span class='ocrx_word' id='word_1_117' title='bbox 729 1366 761 1418; x_wconf 71' lang='lat' dir='ltr'><strong>fi</strong></span> <span class='ocrx_word' id='word_1_118' title='bbox 790 1366 875 1415; x_wconf 71' lang='grc' dir='ltr'><em>α’να,</em></span> <span class='ocrx_word' id='word_1_119' title='bbox 917 1372 1076 1429; x_wconf 74' lang='grc' dir='ltr'><strong><em>ἐματος</em></strong></span> <span class='ocrx_word' id='word_1_120' title='bbox 1107 1365 1266 1423; x_wconf 87' lang='lat' dir='ltr'>venit,</span> <span class='ocrx_word' id='word_1_121' title='bbox 1299 1364 1344 1412; x_wconf 87' lang='grc'>8(</span> 
     </span>
     <span class='ocr_line' id='line_1_21' title="bbox 337 1430 1342 1487; baseline -0.007 -3"><span class='ocrx_word' id='word_1_122' title='bbox 337 1450 442 1484; x_wconf 88' lang='lat' dir='ltr'>rem</span> <span class='ocrx_word' id='word_1_123' title='bbox 464 1436 564 1487; x_wconf 91' lang='lat' dir='ltr'>Deo</span> <span class='ocrx_word' id='word_1_124' title='bbox 588 1433 716 1487; x_wconf 63' lang='lat' dir='ltr'>{hero</span> <span class='ocrx_word' id='word_1_125' title='bbox 739 1431 942 1482; x_wconf 60' lang='lat' dir='ltr'>sanct-mn</span> <span class='ocrx_word' id='word_1_126' title='bbox 970 1430 1201 1483; x_wconf 84' lang='lat' dir='ltr'>reddebat</span> <span class='ocrx_word' id='word_1_127' title='bbox 1219 1433 1342 1484; x_wconf 69' lang='lat' dir='ltr'>Lev,</span> 
     </span>
     <span class='ocr_line' id='line_1_22' title="bbox 331 1495 1346 1559; baseline -0.006 -10"><span class='ocrx_word' id='word_1_128' title='bbox 331 1503 480 1549; x_wconf 82' lang='lat' dir='ltr'>XXV!</span> <span class='ocrx_word' id='word_1_129' title='bbox 490 1503 524 1553; x_wconf 81' lang='grc' dir='ltr'>Ι,</span> <span class='ocrx_word' id='word_1_130' title='bbox 548 1510 625 1559; x_wconf 80' lang='lat'>28-</span> <span class='ocrx_word' id='word_1_131' title='bbox 694 1501 928 1551; x_wconf 85' lang='lat' dir='ltr'>Homines</span> <span class='ocrx_word' id='word_1_132' title='bbox 951 1496 1039 1549; x_wconf 82' lang='lat' dir='ltr'>hac</span> <span class='ocrx_word' id='word_1_133' title='bbox 1060 1499 1244 1548; x_wconf 82' lang='lat' dir='ltr'>ratione</span> <span class='ocrx_word' id='word_1_134' title='bbox 1264 1495 1346 1544; x_wconf 83' lang='lat' dir='ltr'>de·</span> 
     </span>
     <span class='ocr_line' id='line_1_23' title="bbox 331 1560 1342 1618; baseline -0.009 0"><span class='ocrx_word' id='word_1_135' title='bbox 331 1569 433 1618; x_wconf 84' lang='lat' dir='ltr'>voti</span> <span class='ocrx_word' id='word_1_136' title='bbox 463 1564 559 1618; x_wconf 85' lang='lat' dir='ltr'>fine</span> <span class='ocrx_word' id='word_1_137' title='bbox 591 1566 685 1616; x_wconf 83' lang='lat' dir='ltr'>ulla</span> <span class='ocrx_word' id='word_1_138' title='bbox 719 1565 1020 1616; x_wconf 85' lang='lat' dir='ltr'>redemtione</span> <span class='ocrx_word' id='word_1_139' title='bbox 1054 1575 1215 1618; x_wconf 82' lang='lat' dir='ltr'>morte</span> <span class='ocrx_word' id='word_1_140' title='bbox 1246 1560 1342 1610; x_wconf 80' lang='lat' dir='ltr'>affi-</span> 
     </span>
     <span class='ocr_line' id='line_1_24' title="bbox 331 1630 1340 1690; baseline -0.007 -9"><span class='ocrx_word' id='word_1_141' title='bbox 331 1633 487 1684; x_wconf 86' lang='lat' dir='ltr'>ciendi</span> <span class='ocrx_word' id='word_1_142' title='bbox 516 1644 651 1684; x_wconf 85' lang='lat' dir='ltr'>erant</span> <span class='ocrx_word' id='word_1_143' title='bbox 675 1633 997 1684; x_wconf 41' lang='lat' dir='ltr'>LethXVll.</span> <span class='ocrx_word' id='word_1_144' title='bbox 1015 1644 1092 1690; x_wconf 83' lang='lat'>29.</span> <span class='ocrx_word' id='word_1_145' title='bbox 1158 1630 1340 1678; x_wconf 86' lang='lat' dir='ltr'>Votum</span> 
     </span>
     <span class='ocr_line' id='line_1_25' title="bbox 330 1697 1340 1753; baseline -0.006 -6"><span class='ocrx_word' id='word_1_146' title='bbox 330 1712 490 1751; x_wconf 79' lang='lat' dir='ltr'>autem</span> <span class='ocrx_word' id='word_1_147' title='bbox 517 1700 612 1753; x_wconf 79' lang='lat' dir='ltr'>hoe</span> <span class='ocrx_word' id='word_1_148' title='bbox 634 1715 659 1748; x_wconf 83' lang='lat' dir='ltr'><strong>a</strong></span> <span class='ocrx_word' id='word_1_149' title='bbox 678 1698 922 1750; x_wconf 82' lang='lat' dir='ltr'>nonnullis</span> <span class='ocrx_word' id='word_1_150' title='bbox 946 1697 1151 1747; x_wconf 88' lang='lat' dir='ltr'>nimium</span> <span class='ocrx_word' id='word_1_151' title='bbox 1176 1706 1340 1744; x_wconf 87' lang='lat' dir='ltr'>exten-</span> 
     </span>
     <span class='ocr_line' id='line_1_26' title="bbox 329 1760 1338 1831; baseline -0.006 -17"><span class='ocrx_word' id='word_1_152' title='bbox 329 1766 473 1822; x_wconf 84' lang='lat' dir='ltr'>ditur,</span> <span class='ocrx_word' id='word_1_153' title='bbox 490 1783 600 1814; x_wconf 88' lang='lat' dir='ltr'>cum</span> <span class='ocrx_word' id='word_1_154' title='bbox 628 1766 827 1831; x_wconf 86' lang='lat' dir='ltr'>proprie</span> <span class='ocrx_word' id='word_1_155' title='bbox 848 1781 946 1812; x_wconf 88' lang='lat' dir='ltr'>non</span> <span class='ocrx_word' id='word_1_156' title='bbox 968 1760 1052 1813; x_wconf 75' lang='lat' dir='ltr'>nisi</span> <span class='ocrx_word' id='word_1_157' title='bbox 1072 1760 1230 1810; x_wconf 89' lang='lat' dir='ltr'>hostes</span> <span class='ocrx_word' id='word_1_158' title='bbox 1252 1762 1338 1809; x_wconf 90' lang='lat' dir='ltr'>Dei</span> 
     </span>
     <span class='ocr_line' id='line_1_27' title="bbox 327 1829 1337 1899; baseline -0.01 -15"><span class='ocrx_word' id='word_1_159' title='bbox 327 1834 372 1884; x_wconf 81' lang='grc'>8(</span> <span class='ocrx_word' id='word_1_160' title='bbox 393 1832 562 1899; x_wconf 82' lang='lat' dir='ltr'>populi</span> <span class='ocrx_word' id='word_1_161' title='bbox 600 1834 699 1898; x_wconf 85' lang='lat' dir='ltr'>ejus</span> <span class='ocrx_word' id='word_1_162' title='bbox 729 1830 982 1896; x_wconf 60' lang='lat' dir='ltr'>speetaret,</span> <span class='ocrx_word' id='word_1_163' title='bbox 1022 1829 1068 1877; x_wconf 87' lang='lat'>&amp;</span> <span class='ocrx_word' id='word_1_164' title='bbox 1093 1831 1337 1894; x_wconf 83' lang='lat' dir='ltr'>praecipue</span> 
     </span>
     <span class='ocr_line' id='line_1_28' title="bbox 325 1895 1338 1964; baseline -0.006 -18"><span class='ocrx_word' id='word_1_165' title='bbox 325 1900 526 1963; x_wconf 89' lang='lat' dir='ltr'>quidem</span> <span class='ocrx_word' id='word_1_166' title='bbox 544 1897 675 1957; x_wconf 79' lang='lat' dir='ltr'>taleS,</span> <span class='ocrx_word' id='word_1_167' title='bbox 695 1898 778 1964; x_wconf 88' lang='lat' dir='ltr'>qui</span> <span class='ocrx_word' id='word_1_168' title='bbox 797 1897 854 1948; x_wconf 85' lang='lat' dir='ltr'>ab</span> <span class='ocrx_word' id='word_1_169' title='bbox 878 1895 980 1962; x_wconf 82' lang='lat' dir='ltr'>ipso</span> <span class='ocrx_word' id='word_1_170' title='bbox 994 1897 1094 1944; x_wconf 92' lang='lat' dir='ltr'>Deo</span> <span class='ocrx_word' id='word_1_171' title='bbox 1105 1895 1201 1960; x_wconf 85' lang='lat' dir='ltr'>jam</span> <span class='ocrx_word' id='word_1_172' title='bbox 1223 1909 1338 1960; x_wconf 90' lang='lat' dir='ltr'>pro-</span> 
     </span>
     <span class='ocr_line' id='line_1_29' title="bbox 322 1962 1334 2030; baseline -0.01 -14"><span class='ocrx_word' id='word_1_173' title='bbox 322 1964 483 2030; x_wconf 86' lang='lat' dir='ltr'>scripti</span> <span class='ocrx_word' id='word_1_174' title='bbox 525 1976 605 2015; x_wconf 84' lang='lat' dir='ltr'>aut</span> <span class='ocrx_word' id='word_1_175' title='bbox 645 1964 972 2014; x_wconf 81' lang='lat' dir='ltr'>internecione</span> <span class='ocrx_word' id='word_1_176' title='bbox 1015 1962 1150 2028; x_wconf 84' lang='lat' dir='ltr'>digni</span> <span class='ocrx_word' id='word_1_177' title='bbox 1184 1969 1334 2013; x_wconf 76' lang='lat' dir='ltr'>erant.</span> 
     </span>
     <span class='ocr_line' id='line_1_30' title="bbox 324 2027 1335 2093; baseline -0.007 -14"><span class='ocrx_word' id='word_1_178' title='bbox 324 2033 603 2081; x_wconf 89' lang='lat' dir='ltr'>Num.XX1.</span> <span class='ocrx_word' id='word_1_179' title='bbox 625 2046 670 2081; x_wconf 85' lang='lat'>2.</span> <span class='ocrx_word' id='word_1_180' title='bbox 691 2047 731 2090; x_wconf 85' lang='lat'>3.</span> <span class='ocrx_word' id='word_1_181' title='bbox 765 2029 948 2093; x_wconf 78' lang='lat' dir='ltr'>Jos.V!.</span> <span class='ocrx_word' id='word_1_182' title='bbox 967 2045 1042 2090; x_wconf 90' lang='lat'>17.</span> <span class='ocrx_word' id='word_1_183' title='bbox 1108 2027 1335 2090; x_wconf 76' lang='lat' dir='ltr'>Aliquan-</span> 
     </span>
     <span class='ocr_line' id='line_1_31' title="bbox 321 2095 1332 2165; baseline -0.007 -19"><span class='ocrx_word' id='word_1_184' title='bbox 321 2098 386 2153; x_wconf 86' lang='lat' dir='ltr'>do</span> <span class='ocrx_word' id='word_1_185' title='bbox 414 2099 612 2165; x_wconf 83' lang='lat' dir='ltr'>integrae</span> <span class='ocrx_word' id='word_1_186' title='bbox 635 2097 777 2146; x_wconf 89' lang='lat' dir='ltr'>urbes</span> <span class='ocrx_word' id='word_1_187' title='bbox 804 2096 901 2145; x_wconf 79' lang='lat' dir='ltr'>hoc</span> <span class='ocrx_word' id='word_1_188' title='bbox 920 2095 1068 2144; x_wconf 89' lang='lat' dir='ltr'>modo</span> <span class='ocrx_word' id='word_1_189' title='bbox 1092 2096 1192 2142; x_wconf 90' lang='lat' dir='ltr'>Deo</span> <span class='ocrx_word' id='word_1_190' title='bbox 1221 2107 1332 2140; x_wconf 89' lang='lat' dir='ltr'>con-</span> 
     </span>
    </p>
   </div>
   <div class='ocr_carea' id='block_1_4' title="bbox 317 2160 1333 2224">
    <p class='ocr_par' dir='ltr' id='par_1_4' title="bbox 317 2160 1333 2224">
     <span class='ocr_line' id='line_1_32' title="bbox 317 2160 1333 2224; baseline -0.01 -10"><span class='ocrx_word' id='word_1_191' title='bbox 317 2161 522 2224; x_wconf 70' lang='lat' dir='ltr'>secratae,</span> <span class='ocrx_word' id='word_1_192' title='bbox 542 2161 703 2215; x_wconf 85' lang='lat' dir='ltr'>occifis</span> <span class='ocrx_word' id='word_1_193' title='bbox 723 2162 907 2219; x_wconf 77' lang='lat' dir='ltr'>incoliS,</span> <span class='ocrx_word' id='word_1_194' title='bbox 927 2178 1037 2212; x_wconf 88' lang='lat' dir='ltr'>cum</span> <span class='ocrx_word' id='word_1_195' title='bbox 1059 2160 1195 2210; x_wconf 88' lang='lat' dir='ltr'>omni</span> <span class='ocrx_word' id='word_1_196' title='bbox 1213 2173 1333 2223; x_wconf 80' lang='lat' dir='ltr'>prae-</span> 
     </span>
    </p>
   </div>
   <div class='ocr_carea' id='block_1_5' title="bbox 1270 2222 1332 2272">
    <p class='ocr_par' dir='ltr' id='par_1_5' title="bbox 1270 2222 1332 2272">
     <span class='ocr_line' id='line_1_33' title="bbox 1270 2222 1332 2272; baseline -0.032 0"><span class='ocrx_word' id='word_1_197' title='bbox 1270 2222 1332 2272; x_wconf 80' lang='lat' dir='ltr'>da</span> 
     </span>
    </p>
   </div>
   <div class='ocr_carea' id='block_1_6' title="bbox 788 191 1062 200">
    <p class='ocr_par' dir='ltr' id='par_1_6' title="bbox 788 191 1062 200">
     <span class='ocr_line' id='line_1_34' title="bbox 788 191 1062 200; baseline 0 2192"><span class='ocrx_word' id='word_1_198' title='bbox 788 191 1062 200; x_wconf 95' lang='lat' dir='ltr'> </span> 
     </span>
    </p>
   </div>
   <div class='ocr_carea' id='block_1_7' title="bbox 1076 193 1238 202">
    <p class='ocr_par' dir='ltr' id='par_1_7' title="bbox 1076 193 1238 202">
     <span class='ocr_line' id='line_1_35' title="bbox 1076 193 1238 202; baseline 0 2190"><span class='ocrx_word' id='word_1_199' title='bbox 1076 193 1238 202; x_wconf 95' lang='lat' dir='ltr'> </span> 
     </span>
    </p>
   </div>
   <div class='ocr_carea' id='block_1_8' title="bbox 356 190 638 203">
    <p class='ocr_par' dir='ltr' id='par_1_8' title="bbox 356 190 638 203">
     <span class='ocr_line' id='line_1_36' title="bbox 356 190 638 203; baseline 0 2189"><span class='ocrx_word' id='word_1_200' title='bbox 356 190 638 203; x_wconf 95' lang='lat' dir='ltr'> </span> 
     </span>
    </p>
   </div>
   <div class='ocr_carea' id='block_1_9' title="bbox 646 191 783 204">
    <p class='ocr_par' dir='ltr' id='par_1_9' title="bbox 646 191 783 204">
     <span class='ocr_line' id='line_1_37' title="bbox 646 191 783 204; baseline 0 0"><span class='ocrx_word' id='word_1_201' title='bbox 646 191 783 204; x_wconf 95' lang='lat' dir='ltr'> </span> 
     </span>
    </p>
   </div>
  </div>
 </body>
</html>
