1378 2392
63 54 77 62 x
160 57 402 150 Caps‘xvl
406 83 462 132 Π.
501 81 578 132 De
593 73 980 146 lustrationibus.
1017 94 1083 135 26
1086 99 1112 148 3

88 217 378 285 agnostunt,
419 234 531 266 cum
560 226 614 264 ut
639 217 794 280 Judaei
821 217 1021 277 docent,
1065 219 1110 266 Sc

86 287 227 334 Pont.
260 287 330 333 M.
369 285 414 333 &
452 285 686 333 Sacerdos
723 298 916 332 vaccam
945 282 1108 332 rufam

86 349 451 410 combusturus,
504 350 677 399 iisdem
709 351 964 415 aliquoties
993 360 1108 399 con-⁸

86 418 244 485 spargi
277 418 551 466 debuerint.

151 487 368 534 XXVIII.
404 483 652 544 Menstruae
674 494 728 531 ut
751 483 795 531 &
812 482 951 546 fluxu
979 479 1102 530 labo-
1119 489 1331 530 Mundatio

84 564 242 600 rantes
270 562 370 600 tam
402 551 515 600 eri
548 566 695 615 quam
717 548 924 612 foeminae
973 559 1104 603 0⁹:23
1120 542 1331 595 menstrua..

83 630 232 678 mmm
288 634 388 666 non
413 617 567 665 solum
597 618 733 665 omni
761 615 845 664 illo
877 628 1104 681 tempore
1120 594 1353 689 {ngggf‘

83 702 183 750 quo
224 684 427 734 morbus
468 684 546 732 hic
582 683 806 740 durabat,
859 683 1103 732 immundi
1121 705 1338 749 mutium·-

84 763 245 812 erant,
287 750 367 800 sed
388 753 433 800 &
455 751 771 816 posteriores,
816 767 874 799 eo
906 749 1106 800 cessante

83 818 243 868 adhuc
252 817 426 884 fi‘ptem
445 816 541 865 dies
561 833 816 865 numerare
849 816 1106 877 debebant,

85 902 300 950 quorum
329 884 503 933 ultimo
534 885 736 932 demum
769 882 1026 949 postquam
1057 883 1104 933 se

82 948 337 1015 ablutjffbnt,
357 949 440 999 sub
464 950 714 1016 vesperam
741 952 911 999 mundi
934 950 1105 1000 evade-

82 1019 222 1078 bant,
265 1019 328 1067 ita
354 1029 518 1066 tamen
549 1028 601 1066 ut
627 1015 698 1064 die
734 1015 885 1065 οὲῗαυο
910 1016 1104 1084 insuper

83 1086 207 1134 duos
229 1096 442 1134 turtures
465 1094 545 1132 aut
565 1083 725 1149 pullos
747 1085 1103 1141 columbarum,

82 1153 288 1201 alterum
311 1152 359 1199 in
372 1149 663 1214 sacrificium
683 1167 777 1216 pro
798 1163 1013 1216 peccato,
1043 1151 1105 1200 al-

81 1231 244 1268 terum
271 1221 322 1266 in
351 1217 712 1274 holocaustum,
756 1217 936 1268 offerre
958 1217 1102 1267 debe-

84 1297 208 1335 rent.
247 1289 370 1335 Lev.
390 1287 491 1334 XV.
513 1299 558 1335 2.
593 1284 726 1349 seqq.
1223 1323 1228 1328 .

149 1355 318 1401 XXIX.
352 1351 589 1416 Puerpera
627 1368 826 1416 quoque
865 1347 898 1398 fi
943 1348 1098 1399 filium
1118 1363 1333 1417 puerperm

84 1421 224 1468 enixa
251 1418 362 1467 effet
381 1421 492 1474 Vll,
526 1416 558 1466 fi
586 1416 730 1467 filiam
750 1421 858 1466 XIV
887 1417 990 1466 dies
1011 1418 1101 1466 im·
1115 1431 1217 1459 rum.

82 1502 204 1551 pura
225 1497 340 1544 erat,
374 1495 479 1533 tum
502 1484 666 1534 abluto
684 1501 909 1551 corpore,
945 1484 1102 1550 priori

80 1555 132 1602 in
155 1551 260 1601 casu
288 1550 446 1601 adhuc
473 1568 561 1616 per
582 1555 807 1611 XXXIII,
841 1550 1099 1617 posteriori

81 1631 243 1668 autem
266 1635 356 1685 per
378 1621 528 1667 LXVI
550 1619 650 1667 dies
672 1618 970 1686 exspeibare,
1008 1634 1099 1666 nec

43 1741 46 1743 Α
77 1688 260 1736 interea
288 1687 526 1750 temporis
553 1685 763 1735 Gaudium
794 1686 911 1750 quid
936 1690 1101 1750 tange-

81 1770 149 1808 re,
168 1753 320 1801 autad
343 1750 660 1801 sanstuarium
687 1753 868 1811 venire,
902 1750 983 1801 sed
1006 1752 1099 1800 illis

79 1820 281 1868 demum
302 1816 499 1884 elapsis,
536 1816 756 1868 &crificia
778 1818 880 1878 sua,
916 1835 1100 1886 agnum

80 1890 191 1934 anni
216 1886 358 1934 unius
392 1887 439 1933 in
467 1884 802 1935 holocaustum
827 1887 873 1935 ἃ
905 1885 1097 1951 pullum

78 1952 415 2001 columbarum
455 1964 536 2000 aut
565 1964 808 2002 turturem
843 1953 892 2000 in
925 1948 1097 2001 sacrifi-

78 2021 209 2068 ciurn
234 2019 496 2084 piaculare,
530 2018 607 2068 vel
642 2017 674 2067 sl
704 2020 754 2068 id
775 2018 971 2067 facultas
992 2019 1094 2083 ejus

76 2103 178 2135 non
221 2086 550 2151 permitteret,
603 2086 727 2134 duos
772 2097 985 2134 turtures
1015 2093 1098 2132 aut

21 2176 23 2178 ·
77 2152 239 2220 pullos
267 2151 596 2210 colu-rubium,
646 2153 854 2202 alterum
885 2153 934 2202 in
957 2150 1097 2201 holo-

524 2220 564 2268 R
597 2234 631 2282 4
991 2232 1098 2267 cau·
