1378 2392
324 69 419 125 408
485 62 598 113 Pars
619 65 665 113 11
669 103 680 114 .
716 63 790 115 De
805 64 935 115 Statu
950 63 1163 116 Politico.

321 212 400 253 26.
428 217 453 251 a
473 201 880 252 circumstantibus
913 201 1054 262 fasta,
1090 203 1148 252 ad
1179 203 1325 269 majo·

325 283 429 318 rem
454 279 692 317 terrorem
709 269 882 333 juranti
902 269 1244 319 incutiendum.

82 332 270 398 Proceffitg
351 376 353 378 .
390 337 513 384 xlv.
534 334 782 383 Peculiaris
802 334 993 400 prorsus
1017 335 1252 400 processus
1278 336 1328 383 in

81 391 266 432 adultera
328 399 457 450 causa
484 398 688 449 mulieris
725 398 939 449 adulterii
954 399 1166 466 suspefiae
1193 413 1325 453 Πῑῦῖῠ

78 442 262 498 ffiffi‘aae‘
327 467 487 517 locum
505 465 721 522 habebat,
742 483 888 531 quem
909 467 1056 531 Judaei
1079 469 1140 516 ita
1161 467 1331 516 descri-

326 533 462 582 bunt.
541 532 879 582 Adducebatur
911 534 1126 598 primum
1160 549 1184 582 a
1217 534 1324 581 viro

321 601 380 648 ad
406 599 585 663 judices
609 599 699 647 loci
718 598 798 657 sui,
825 615 848 647 a
867 599 1062 664 quibus,
1091 597 1122 648 sl
1147 599 1324 648 factum

322 678 545 731 negaret,
609 665 990 728 Hierosolymam
1032 666 1323 722 mittebatur,

323 731 579 780 comitibus
607 732 728 781 datis
772 731 960 780 duobus
999 731 1237 798 discipulis
1266 731 1326 780 sa-

323 799 569 863 pientum,
601 810 705 846 tum
735 796 975 847 sistebatur
999 815 1160 847 coram
1181 803 1325 862 Syne-

324 865 432 913 drio
450 867 517 912 M.
546 865 677 928 quod
703 881 805 922 eam
825 864 1048 921 terrebat,
1069 866 1113 914 &
1135 866 1192 914 ad
1214 881 1326 914 con-

324 929 572 980 feffionem
593 931 784 997 adigere
805 931 1076 980 conabatur.

78 998 302 1062 Cpnlligueio
387 1001 485 1047 XV.
523 999 569 1046 Si
603 1014 691 1046 nec
727 997 815 1047 hac
849 999 1030 1046 ratione
1070 996 1128 1046 ad
1166 995 1324 1046 delicti

77 1065 159 1102 ‘'¹¹‘'
201 1067 242 1092 ”¹
323 1062 665 1114 confessionem
691 1065 900 1123 veniret,
934 1081 1023 1114 nec
1051 1062 1189 1112 testes
1221 1064 1324 1112 ido-

11 1184 13 1186 ,
77 1114 181 1159 '‘''4'
184 1104 308 1156 ὀὔτ’
319 1131 398 1179 nei
418 1129 635 1186 adessent,
653 1130 975 1180 adducebatur
994 1131 1052 1179 ad
1072 1130 1327 1194 templum,

322 1198 368 1247 &
388 1196 642 1257 sacerdoti,
677 1214 734 1246 ex
762 1196 1036 1262 ephemeria
1062 1195 1328 1245 ministran-

309 1265 393 1322 'te‚
425 1264 482 1313 ad
504 1263 598 1312 hoc
616 1280 790 1315 munus
812 1262 936 1312 sorte
962 1263 1083 1312 lesto
1112 1263 1344 1310 tradeba-v

318 1340 423 1388 tur,
453 1341 558 1378 tum
587 1330 791 1380 adducto
819 1346 910 1395 pro
930 1330 1005 1378 illa
1037 1328 1162 1378 ferto
1182 1340 1321 1380 num

316 1407 452 1451 mmo
473 1397 657 1446 decima
676 1395 846 1446 scilicet
869 1395 1006 1461 ephae
1025 1394 1190 1446 farinae
1213 1395 1324 1443 hor-

319 1463 518 1522 deaceae,
537 1460 631 1511 fine
651 1463 815 1512 oleo&
837 1462 994 1521 thure,
1017 1463 1087 1523 (P.
1102 1462 1323 1529 l.c.Xll(.

315 1534 361 1588 §.
374 1531 450 1577 Vl.
469 1530 514 1578 ἃ
532 1532 616 1578 Xll
625 1532 658 1578 1.
679 1528 803 1594 sqq.)
822 1529 1050 1578 Sacerdos
1069 1528 1196 1577 illam
1219 1531 1321 1579 Ἰὼ

322 1602 432 1647 hm*
461 1612 615 1644 coram
637 1595 816 1654 lebam,
853 1598 900 1644 in
922 1605 1059 1661 porta
1081 1594 1327 1642 Nicanoris

317 1659 523 1721 fistcbat‚
561 1663 605 1711 8<
625 1678 794 1726 aquarn
821 1678 879 1710 cx
899 1661 1031 1712 labro
1058 1677 1190 1711 aeneo
1209 1659 1324 1707 hau-

317 1727 461 1785 stam,
509 1726 600 1776 vali
634 1727 763 1776 fictili
801 1745 957 1784 novo,
998 1744 1086 1776 nec
1113 1726 1172 1775 ad
1203 1725 1326 1774 ullos

318 1805 454 1842 antea
487 1794 593 1843 usus
629 1794 842 1844 adhibito
877 1793 1182 1851 infundebat,
1248 1792 1326 1840 ad-

318 1861 472 1909 mixto
492 1861 707 1925 pulvere,
722 1874 772 1909 ut
786 1860 1003 1910 nonnulli
1023 1859 1193 1909 volunt
1205 1858 1326 1916 atrii,

317 1925 394 1973 vel
424 1938 474 1973 ut
507 1926 582 1975 alii
602 1928 799 1984 rectius,
833 1925 976 1992 ipfius
1001 1926 1140 1980 aedis,
1175 1940 1323 1988 quern

319 1994 367 2041 in
391 1991 533 2040 finem
557 1995 707 2058 Judaei
731 1995 778 2042 in
813 1992 981 2042 Sansto
1011 1990 1226 2041 foffulam
1250 2007 1328 2040 cu-

319 2058 473 2108 bitum
492 2058 742 2124 longam&
756 2059 912 2115 latam,
947 2058 1028 2108 ubi
1047 2059 1086 2108 is
1108 2056 1326 2108 affervari

314 2119 505 2184 solebat,
536 2123 757 2176 statuunt.
1245 2190 1282 2236 V
