1378 2392
134 115 247 178 Cap.
266 110 302 159 Ι.
347 107 422 159 De
449 99 752 156 Matrirrionio
773 105 870 158 &a
903 132 906 134 ·
942 121 1031 167 505

33 249 205 300 Harum
217 247 451 298 distinctio
469 250 615 312 inque
633 250 802 298 iisdem
817 250 937 298 avita
951 248 1036 297 bo·

35 332 95 378 na
114 314 523 374 conservarentur,
532 314 653 380 juffit
665 319 803 375 Deus,
818 314 912 364 utfi
931 316 1038 380 quis

35 380 132 432 fine
152 381 311 431 liberis
331 382 598 437 decederet,
612 380 758 431 frater
770 383 868 447 ejus
881 383 925 430 &
935 382 1041 445 qui·-

35 449 149 498 dem
167 449 339 497 eodem
363 450 514 503 Patre,
527 459 578 496 ut
592 449 742 511 Judaei
761 448 939 506 dicunt,
959 459 1037 496 na·-

37 523 129 574 tus,
164 514 376 564 defuncti
411 515 603 563 viduam
639 515 849 570 duceret,
882 513 1038 563 fratri-

38 599 133 646 que
154 579 315 630 semen
335 581 575 630 excitaret.
621 584 754 629 Deut.
775 583 910 629 XXV.
926 597 967 641 5.
992 581 1037 629 &

38 646 213 697 Matth.
228 649 368 695 XXII.
387 662 463 709 24.
498 648 592 710 Qui
603 664 709 695 mos
726 664 860 711 aeque
873 664 923 696 ac
936 646 1040 712 plu-

38 730 116 762 res
136 713 226 768 alii,
246 724 353 763 ante
373 713 530 780 legem
551 715 645 778 jam
668 713 888 763 obtinuit,
917 717 1038 762 Gen.

40 782 289 829 XXXVIII.
306 788 349 836 8.
387 778 464 828 sed
485 796 573 845 per
595 783 779 845 Legem
799 781 909 828 dein
930 797 1041 846 pro-

41 849 176 912 prius
206 846 548 895 determinatus
583 845 960 912 arffioribusque
991 847 1045 896 ii-

43 911 240 972 mitibus
262 913 442 961 circum
455 911 655 978 scriptus
685 911 766 961 est.
1327 973 1330 976 ‚

86 1022 88 1031 s
106 980 243 1026 XXX.
287 979 475 1027 Primus
496 980 579 1043 qui
597 995 656 1027 ex
676 977 771 1027 hoc
794 982 1040 1028 matrimo-
1060 992 1256 1033 FiliusLe·

44 1046 126 1094 nio
147 1043 420 1093 nascebatur
441 1042 588 1104 filius,
617 1061 715 1094 non
735 1061 826 1111 pro
845 1043 942 1094 filio
966 1050 1044 1095 Pa-
1059 1048 1136 1084 viri
1154 1047 1266 1085 hahe-

43 1112 131 1160 tris
154 1109 235 1170 sui,
255 1109 332 1158 sed
352 1111 594 1160 demortui
605 1111 913 1177 reputabatur
926 1116 1044 1162 Gen.
1061 1110 1126 1160 W
1141 1099 1272 1151 φθῇ·

42 1179 292 1227 XXXVIII.
307 1192 352 1237 9.
373 1177 470 1242 ejus
490 1179 687 1226 nomine
705 1177 1044 1243 appellabatur,
1063 1152 1115 1244 ἰῖῑῖ
1130 1151 1269 1205 defun-

44 1245 95 1293 in
115 1242 243 1292 bona
264 1242 388 1291 illius
406 1243 704 1304 succedebat,
736 1245 1048 1309 ejusdemque
1118 1239 1126 1249 ⁴

0 1333 1 1363 l
45 1326 199 1376 genus
236 1309 555 1376 propagabat,
586 1308 646 1358 fic
673 1322 725 1359 ut
743 1313 788 1360 δι
809 1313 854 1359 in
877 1312 1049 1360 tabulis

47 1374 365 1453 genealogicis
383 1374 470 1425 hae
483 1378 665 1426 ratione
682 1376 929 1443 posteritas
949 1380 1048 1442 ejus

47 1454 420 1492 contmuaretur.

113 1510 270 1558 XXXI.
326 1512 433 1558 Non
475 1507 644 1557 licebat
685 1521 842 1559 autem
871 1513 1051 1559 Leviro
1069 1517 1289 1569 NuptiaeLe.

51 1591 156 1625 eam
178 1575 353 1624 ducere
368 1611 380 1631 ‚
401 1586 454 1623 ut
473 1575 623 1638 Judaei
647 1576 844 1635 docent,
865 1575 947 1624 nili
972 1595 1053 1627 ex-
1069 1574 1145 1611 vm·
1168 1585 1252 1612 cum

50 1641 154 1692 asto
189 1643 322 1706 prius
351 1643 499 1690 trium
534 1640 766 1690 mensum]
800 1642 968 1708 spatio,
1003 1657 1056 1693 ut
1068 1625 1184 1678 glore,

51 1705 286 1757 constaret
307 1722 411 1756 eam
436 1709 685 1773 gravidam
711 1726 809 1757 non
823 1709 926 1765 effe,
951 1723 1057 1760 tum

53 1790 151 1838 quo
190 1790 250 1822 ue
279 1790 377 1822 non
402 1772 486 1822 nifi
511 1773 617 1839 post
647 1774 1059 1841 desponsationem

55 1855 155 1906 prae
177 1839 363 1889 entibus
377 1840 566 1889 duobus
589 1840 798 1903 testibus,
821 1843 1061 1894 mediante

56 1906 116 1955 ad
135 1906 389 1955 minimum
406 1909 562 1962 Pruta,
585 1920 663 1956 aut
691 1925 742 1958 re
763 1910 830 1960 illi
855 1912 1060 1976 aequiVa-

55 1971 184 2021 lente
200 2009 212 2031 ‚
231 1971 418 2022 fastam.

120 2039 297 2086 XXXII.
341 2041 388 2088 Si
422 2038 578 2104 elapso
612 2039 706 2089 hoc
740 2041 888 2108 spatio
911 2044 1061 2093 Levir
1078 2049 1273 2091 Extremo

57 2103 188 2154 illam
211 2105 386 2154 ducere
404 2105 578 2161 nollet,
609 2107 704 2172 ipsa
728 2127 838 2159 eum
859 2111 1061 2159 adduce·
1076 2103 1204 2144 calcei.

58 2170 214 2222 batad
235 2171 413 2238 judices
428 2172 518 2222 loci
536 2174 651 2238 eju3,
666 2173 698 2225 fi
713 2177 887 2228 ducere
900 2189 1063 2226 tenue.

552 2240 601 2289 li
636 2256 657 2303 5
972 2256 1060 2304 ret,
