1378 2392
149 71 448 174 eavam'.
482 101 559 154 De
576 98 961 166 Lustrationibus.
1004 117 1102 172 267

76 248 247 315 septies
271 245 543 312 conspersits,
574 249 786 299 mundus
811 255 1098 316 pronuncia-

75 316 232 375 batur,
267 330 354 363 ave
376 312 511 363 simul
534 316 644 364 viva
668 317 870 378 dimissa,
904 334 1099 372 mortua

74 398 195 432 vero
226 381 422 447 sepulta.
492 384 624 430 'I'um
656 383 808 435 vestes
833 387 1098 451 abluendae,

75 448 354 514 borpusque
383 448 448 496 illi
473 449 743 499 radendum
776 466 920 518 atque
940 454 1101 504 lavan-

64 517 198 564 ¹dum
220 528 335 571 erat,
356 515 530 580 quibus
553 518 778 568 omnibus
799 521 1002 585 peraffis
1021 523 1101 572 ad-

76 582 360 632 mittebatur
392 583 591 646 quidem
616 585 794 634 iterum
818 589 866 635 in
886 588 1032 638 castra
1051 592 1098 640 &

74 649 236 709 urbes,
251 647 330 697 sed
351 650 415 697 ita
442 662 492 698 ut
513 650 749 701 lotionem
759 652 882 704 hanc
894 655 1099 708 vestium

76 717 424 781 corporisque,
463 733 575 765 cum
602 719 818 784 ejusdem
839 721 994 772 rasura
1017 724 1098 773 de-

77 799 177 832 nuo
206 781 278 831 die
296 782 494 847 septimo
529 798 787 848 repeteret.
855 790 950 839 Die
974 806 1095 841 vero

20 896 21 899 ,
76 848 227 898 οέῗαυο
248 849 376 899 lotus
394 851 609 915 primurn
630 853 678 900 in
701 854 915 905 conclavi
938 857 1099 923 lepro-

75 916 267 977 sorum,
309 934 420 966 cum
451 917 566 983 logo
589 919 704 975 olei,
750 920 970 985 &crificia
1000 925 1096 986 sua,

75 999 257 1049 agnum
279 1000 432 1032 unum
452 985 500 1034 in
522 985 869 1050 holocaustum,
891 992 1097 1042 alterum

75 1065 170 1116 pro
201 1061 361 1110 reatu,
394 1066 567 1115 agnam
607 1070 724 1101 vero
760 1071 851 1120 pro
882 1072 1099 1123 peccato,

75 1125 187 1165 cum
201 1114 326 1165 ferto
339 1118 487 1166 trium
499 1119 744 1170 decimam
752 1139 796 1169 m
812 1121 974 1176 ssmilae
987 1127 1099 1176 oleo

77 1186 266 1239 mixtae,
302 1183 379 1232 vel
409 1182 438 1231 si
462 1188 722 1251 pauperior
750 1188 879 1247 effet,
913 1208 1096 1259 agnum

75 1266 169 1316 pro
195 1260 341 1302 reatu.
354 1251 593 1302 decimam
608 1251 772 1305 fimilae
786 1257 894 1306 oleo
914 1263 1095 1321 mixtae‚

76 1318 121 1366 &
143 1317 265 1365 duos
285 1329 513 1379 turtures,
527 1337 679 1370 unum
704 1339 796 1387 pro
818 1340 1014 1390 peccato
1036 1328 1098 1377 al-

79 1394 240 1432 terum
260 1384 307 1432 in
325 1382 657 1436 holocaustum
682 1388 837 1440 dabat.
908 1395 1099 1457 Quibus

80 1451 129 1498 in
156 1451 276 1499 atrio
307 1452 526 1501 interiori
548 1456 638 1503 rite
662 1456 833 1507 oblatis
854 1458 1098 1528 sanguine-

78 1533 175 1581 que
197 1516 368 1581 sparso,
385 1521 616 1570 Sacerdos
638 1524 719 1587 qui
739 1525 1017 1593 stmguinem
1038 1529 1102 1578 sa·—

78 1582 241 1631 crificii
258 1601 348 1648 pro
363 1600 492 1634 reatu
506 1598 1100 1662 manucxceperat,(Supr.

76 1652 205 1698 XIII.
228 1649 270 1714 ᾗ.
293 1655 491 1714 XLIII.)
522 1655 578 1703 ad
605 1658 878 1722 Leprosum
906 1661 962 1711 ad
987 1679 1100 1727 por-

76 1727 178 1765 tam
202 1719 322 1775 atrii,
358 1735 459 1782 quo
481 1721 671 1787 ingredi
695 1727 914 1777 nondum
936 1729 1004 1778 illi
1028 1730 1100 1780 fas

80 1797 195 1842 erat,
208 1786 628 1851 progrediebatur,
640 1790 839 1857 ejusque
857 1796 903 1843 in
922 1798 1099 1847 atrium

81 1851 303 1915 porresta
324 1853 558 1912 membra,
571 1870 737 1906 aurem
754 1860 976 1911 dextram
989 1882 1102 1914 cum

83 1917 259 1982 pollice
277 1935 447 1968 manus
470 1921 513 1970 ἃ
537 1923 673 1986 pedis
695 1925 870 1987 dextri,
899 1930 984 1979 ilio
1006 1933 1102 1996 pri·

82 2000 221 2031 mum
244 1983 504 2052 sanguine,
537 1989 650 2037 dein
686 1992 794 2042 oleo
823 1996 1015 2048 adduffl
1035 1999 1102 2047 Io-

82 2051 132 2117 gi
147 2088 159 2107 ,
192 2054 351 2100 manui
373 2055 588 2119 proprIae
611 2057 687 2106 vel
712 2060 904 2110 alterius
926 2064 1101 2126 infuso,

80 2116 339 2182 postquam
361 2120 422 2166 de
443 2122 618 2171 eodem
639 2124 811 2190 septies
831 2146 992 2179 coram
1006 2135 1100 2180 Do-

0 2199 35 2257 .'..
81 2186 217 2234 mino
248 2183 500 2251 Iparfiffet,
533 2188 807 2255 imbuebat,
835 2197 1100 2262 reliquum-

1006 2283 1102 2331 que
