1378 2392
0 35 2 103 l
44 77 160 141 Cap.
175 70 253 122 IV.
275 68 350 122 De
359 33 596 137 LS'ynedriis
617 68 806 138 aliisque
817 50 913 122 &cl
961 86 1047 135 395
1115 115 1130 129 ,.

113 209 192 258 lx.
219 205 463 255 Secundus
484 206 540 254 ab
563 224 619 255 eo
642 218 743 256 erat
771 219 833 273 3⁹7
863 219 949 261 3¹³⁹:
979 222 1049 262 :N
1069 231 1185 269 Pater
1202 231 1271 270 do-

46 274 188 323 Pater
213 270 370 323 domus
379 270 576 334 judicii,
598 274 666 325 “ad
688 283 831 338 quam
853 276 1051 341 dignita«
1066 297 1147 343 mys
1161 281 1270 335 judin
1335 335 1338 338 ‚

47 350 148 389 tem
168 337 473 397 evehebatur,
497 340 580 403 qui
600 340 666 388 illi
688 343 935 405 Sapientiae.
958 342 1051 390 lau·
1067 348 1130 377 θ’*-

47 405 110 454 de
143 406 395 470 proximus
425 404 548 455 effer.
616 408 768 471 Hujus
797 407 904 473 post
923 409 1053 473 prin·

49 472 205 536 cipem
229 474 410 521 summa
433 471 684 522 auctoritas
710 486 823 529 erat,
855 476 982 523 unde
1002 476 1053 524 in

47 538 247 588 introitu
265 536 484 586 distineto
497 555 693 608 quoque
711 555 737 589 a
754 540 948 607 reliquis
967 541 1052 590 ho·
1100 568 1103 572 ·

48 620 169 655 nore
206 601 511 655 afficiebatur.

116 673 170 720 X.
217 673 272 718 In
316 669 606 722 confidendo
638 672 767 721 idem
810 673 1050 739 dignitatis
1068 684 1226 726 sedendi

49 736 302 787 discrimen
316 737 663 787 observabatur.
679 741 906 805 Princeps
922 743 1050 790 enim
1068 739 1180 782 ratio.

50 804 240 869 semper
287 804 500 853 medium
564 805 825 871 occupabat
874 805 1051 869 locum,

50 871 400 921 Paterdomus
431 871 592 936 judicii
628 871 695 919 illi
732 873 790 920 ad
828 873 1053 925 dextram

49 938 304 1003 proximus
328 946 449 996 erat,
479 937 648 1001 reliqui
667 950 826 987 autem
846 939 903 988 ab
924 951 1054 989 utro·

51 1020 145 1068 que
176 1002 322 1055 latere
352 1000 656 1052 confidebant
675 1005 723 1052 in
742 1003 951 1054 formam
986 1022 1054 1055 ar·

51 1086 135 1119 cus
153 1067 230 1118 seu
255 1069 398 1118 instar
416 1069 625 1119 dimidiae
649 1086 770 1119 areae
799 1072 1052 1130 circularis,

51 1138 114 1185 ita
148 1147 202 1184 ut
239 1134 461 1201 sapientia
493 1136 802 1186 excellentior
842 1141 1055 1204 Principi

50 1203 256 1269 propior
285 1201 416 1262 effet,
469 1203 513 1252 &
541 1205 769 1270 Princeps
791 1221 961 1255 omnes
982 1207 1051 1255 in-

49 1270 174 1321 tueri
207 1268 370 1335 poffet.
718 1271 724 1275 ’

116 1338 193 1383 ΧΙ.
235 1338 410 1385 Praeter
455 1334 544 1384 hos
580 1334 677 1384 duo
710 1336 872 1387 scribae
902 1349 1050 1397 erant,
1064 1345 1206 1390 Scriba.

51 1402 223 1453 stantes
253 1404 415 1451 coram
441 1403 496 1450 iis
522 1419 644 1452 unus
670 1404 729 1453 ad
749 1404 966 1454 dextram
989 1405 1050 1454 al·

50 1480 126 1517 ter
155 1469 213 1516 ad
245 1467 498 1529 sinistram,
533 1486 743 1533 quorum
763 1487 883 1520 unus
908 1471 1054 1521 absol·-

48 1536 268 1584 ventium
313 1536 431 1584 alter
477 1536 900 1591 condemnantium
941 1549 1054 1590 vota

47 1599 224 1665 scripto
251 1600 562 1668 contignaret.

115 1670 220 1720 ΧΠ,
261 1667 409 1718 Locus
447 1667 676 1718 conseffus
717 1670 857 1737 hujus
902 1671 1050 1720 stante
1064 1670 1192 1722 Locus,

48 1733 353 1787 tabernaculo
402 1736 593 1784 videtur
635 1737 692 1786 ad
734 1739 833 1802 ejus
878 1738 1053 1788 ostium

51 1799 183 1848 fuiffe
210 1803 348 1850 Num.
376 1805 455 1850 Xl.
487 1817 565 1865 24.
603 1804 732 1852 unde
761 1805 912 1868 Judaei
944 1806 1052 1853 vici-

51 1882 160 1919 num
190 1865 332 1915 altari
367 1879 529 1922 ΠΞΠΞΠ
567 1879 666 1923 73:
702 1870 919 1920 statuunt.
993 1875 1051 1920 ln

52 1932 237 1995 templo
276 1937 296 1981 Ι
344 1936 402 2003 ad
443 1945 636 1999 portam
677 1938 958 1987 orientalem
999 1939 1050 1986 in

51 2007 244 2052 Ε’Ἳωη
268 2006 416 2054 nnwb
446 2000 649 2049 conclavi
665 2003 936 2069 Principum
956 2007 1053 2071 Jer.

0 2121 2 2137 .
49 2066 233 2116 XXXV.
291 2082 333 2126 3.
384 2066 635 2117 consedisse
681 2070 906 2120 creditur.
989 2073 1046 2118 In

47 2131 234 2202 templo
268 2135 312 2185 11
357 2145 513 2186 autem
558 2136 845 2189 ordinariam
886 2138 1050 2215 sedent

1001 2220 1050 2256 m
