1378 2392
140 104 256 168 Cap.
275 103 399 152 xlv.
432 102 507 154 De
524 103 710 160 Funere,
731 102 828 156 &a
911 110 1004 170 613

20 259 98 293 em
120 253 249 295 rum
270 254 347 295 nn
359 244 596 295 Mortuum
606 249 827 311 praecepti
844 250 1002 315 appel-

17 319 122 367 ant,
157 310 342 374 primus
366 311 413 359 in
438 328 548 361 eum
572 313 806 370 incidens,
842 317 916 363 vel
940 333 998 364 eo

13 373 247 424 l'eficiente
274 375 597 443 magistratus,
627 379 905 444 legitimam
934 382 1002 431 illi

16 441 285 506 epulturam
306 439 528 507 praestare
560 443 857 496 tenebantur.
926 449 1000 497 Ab

13 524 92 556 10c
111 505 269 556 officio
290 511 650 567 neeNaziraeus,
671 529 759 562 nec
771 515 998 564 Sacerdos

21 585 75 624 ‘at
98 573 193 638 ipse
214 573 435 625 Pontifex
456 579 524 627 M.
546 578 860 642 eximebatur.

58 643 157 690 XV.
182 645 360 690 Contra
384 653 542 692 autem
567 643 854 710 insepultum
887 661 1214 713 pro-Sepultura

11 707 67 755 ici
91 719 234 771 atque
262 707 467 772 relinqui
495 709 691 759 summa:
723 714 999 776 ignominiae
1012 714 1118 768 afini-

11 772 334 840 ingularisquc
359 775 520 839 judicii
551 788 663 824 nota
689 790 803 825 erat.
873 781 998 843 Qua·

11 841 87 888 em
107 838 394 904 sepulturam
414 841 553 908 Astm‘
566 842 808 907 scm‘ptura
837 847 998 911 appel-

12 918 64 970 it.
91 909 185 969 Jer.
208 907 364 954 XXlll.
394 922 464 964 19.
1008 927 1010 929 ’

54 974 178 1020 XVl.
211 973 281 1020 De
313 973 430 1021 statu
464 984 801 1034 mortuorum,
844 992 989 1040 quem
1006 990 1139 1031 Status

10 1038 188 1091 'mmm
222 1030 369 1102 :2579
397 1038 660 1104 appellant,
702 1043 854 1105 Judaei
881 1059 991 1091 vera
1004 1055 1166 1085 mortae·

9 1103 108 1153 allis
131 1106 276 1152 mixta
300 1105 559 1169 multISque
582 1108 825 1156 erroribus
852 1110 1099 1158 inter-“¹⁴²''-

21 1169 143 1220 olata
155 1171 364 1220 tradunt.
389 1173 663 1221 Etanimam
679 1175 877 1237 quidem
892 1192 990 1223 non

24 1239 135 1286 atim
159 1248 336 1287 terram
358 1238 644 1302 relinquere,
660 1238 738 1288 (ed
760 1242 991 1305 quamdiu

47 1319 161 1369 rpus
192 1303 478 1369 insepultum
509 1303 575 1353 est
603 1305 853 1362 oberrare,
887 1308 988 1356 imo

20 1370 236 1434 ostquam
253 1370 463 1437 Angelus
484 1372 657 1420 Mortis
678 1371 819 1438 fiiper
836 1371 989 1440 scpul-

13 1435 102 1487 hro
121 1435 346 1496 consedit,
359 1437 559 1485 eandem
582 1437 630 1485 in
642 1454 817 1504 corpus
830 1456 990 1489 rever--

8 1503 41 1562 ',
74 1514 179 1551 tum
191 1503 428 1569 Angelum
448 1503 591 1563 hune,
626 1520 802 1571 corpus
820 1517 894 1554 ter
915 1522 986 1555 ca·

33 1585 89 1617 na
100 1584 159 1618 ex
173 1567 307 1634 parte
326 1569 480 1618 ferrea
504 1586 563 1618 ex
575 1582 709 1635 parte
722 1573 860 1638 ignea
877 1589 984 1639 per-

40 1646 144 1684 tere
163 1635 349 1693 volunt,
371 1648 424 1684 ut
442 1636 659 1685 membra
683 1639 783 1702 ejus
804 1638 985 1688 solvan·

37 1714 84 1760 r,
142 1701 232 1750 offa
259 1701 562 1766 diffipentur,
610 1704 902 1769 tandemque
933 1707 982 1754 in

16 1767 231 1816 ulverem
251 1769 295 1817 &
315 1770 525 1817 cinerem
547 1769 840 1837 redigantur,
873 1789 982 1836 quae

15 1837 91 1882 ein
117 1849 142 1882 a
165 1833 304 1884 bonis
323 1834 518 1901 Angelis
549 1836 836 1903 colligantur
852 1839 896 1887 &
915 1837 984 1887 se·-

16 1899 182 1948 ulchro
203 1901 490 1961 reddantur,
523 1914 568 1957 at
605 1919 664 1951 ue
685 1902 808 1953 hanc
832 1916 979 1957 tnvz’r!

9 1978 110 2036 apr!
136 1965 450 2031 percuffionem
461 1965 577 2032 fipu
597 1967 699 2018 chri
723 1971 979 2036 appellant.

29 2033 106 2085 uin
123 2034 167 2082 &
186 2034 392 2085 animam
414 2050 503 2100 per
521 2033 701 2101 septem
727 2039 982 2086 continuos

26 2096 260 2163 sepultura
279 2101 406 2162 dice,
439 2100 497 2148 ad
518 2100 708 2162 locum,
742 2104 824 2168 ubi
849 2119 993 2162 mor(

35 2179 88 2214 us
107 2163 374 2232 exspiravit,
397 2168 574 2216 reverti
593 2169 637 2218 &
650 2185 829 2236 corpus
841 2167 994 2227 amis-f·

406 2234 506 2298 Qq
549 2250 574 2295 3
872 2231 982 2284 'sum'
