1378 2392
259 96 260 99 ’
326 68 425 140 116
523 88 638 140 Pars
658 91 683 139 Ι
684 129 694 139 .
731 88 806 140 De
829 89 962 142 Statu
972 90 1146 160 EcclesI

138 842 258 883 AEmt.

112 1499 301 1555 Constitu-

111 1562 180 1615 ²³⁰.-
214 1592 216 1594 ,

326 229 430 279 VII.
449 237 524 293 64,
545 226 676 294 seqq.
753 231 886 279 Tum
917 247 1113 297 quoque
1139 231 1338 284 necessa-

322 297 455 349 tium
494 306 619 351 erat,
673 308 726 345 ut
762 297 895 346 nullo
931 300 1048 347 vitio
1098 303 1336 366 corporis,

326 379 539 428 quorum
572 363 696 411 CXL
724 363 876 427 Judaei
904 363 1169 426 recensent,
1209 368 1337 416 labo·

327 442 480 488 raret‚
541 433 762 493 quamvis
792 429 907 479 tales
944 433 1001 480 ad
1034 436 1336 483 communioss

326 513 440 547 nem
462 495 680 544 ciborum
715 496 957 546 sacrorum
979 499 1024 548 &
1048 499 1214 548 viliora
1245 503 1336 550 miss

328 562 518 614 nisteria
549 563 932 612 admitterentur.
1021 566 1200 615 Praeter
1234 565 1338 616 haec

326 631 454 686 duo,
502 628 588 677 alia
618 628 810 694 insuper
841 633 945 678 XV!
982 631 1135 695 Judaei
1170 648 1337 683 nume-

328 707 458 755 rant,
495 712 602 759 quae
618 696 895 745 Sacerdotes
913 697 971 745 ad
994 698 1234 748 sacrorum
1259 700 1339 748 ad·

328 762 727 822 ministrationem
751 764 941 829 ineptos
966 766 1239 816 redderent.
1315 793 1317 795 ·

334 860 335 863 =
395 832 473 879 lX.
507 829 649 878 AEtas
683 830 880 893 quidem
926 833 1036 879 xm
1082 848 1338 894 annorum,

329 894 363 947 fi
385 896 514 945 illam
534 893 662 961 ligna
690 897 954 961 pubertatis
977 900 1338 961 comitarentur,

331 964 523 1014 muneri
541 974 648 1027 apta
673 975 788 1022 erat,
811 979 909 1011 non
930 974 1090 1014 tamen
1105 969 1210 1028 quis
1235 965 1341 1015 actu

331 1031 391 1080 ad
422 1030 472 1078 id
498 1028 859 1089 admittebatur,
913 1029 996 1079 nifi
1025 1047 1085 1080 ex
1113 1033 1340 1098 peculiari

331 1093 651 1155 conceffione,
689 1108 796 1144 ante
827 1111 1005 1146 annum
1030 1100 1130 1159 XX,
1163 1100 1346 1148 interea

331 1162 568 1230 temp'oris
599 1173 759 1211 autern
802 1175 949 1216 mm:
985 1166 1099 1219 ’ΠἾΒ
1130 1167 1345 1228 juniores

332 1246 358 1281 a
382 1230 577 1280 literatis
605 1230 655 1277 in
677 1229 844 1278 ritibus
867 1229 1006 1279 sacris
1041 1231 1345 1280 institueban-

330 1307 436 1357 tur,
473 1296 590 1360 quin
615 1296 659 1344 &
679 1294 807 1344 festis
830 1297 1091 1362 majoribus
1123 1298 1213 1348 illis
1239 1299 1344 1347 vasa

331 1363 458 1426 sacra
486 1361 880 1419 ostendebantur,
933 1380 1032 1428 quo
1066 1377 1252 1414 mature
1283 1365 1343 1413 ad

333 1445 511 1480 munus
527 1426 711 1478 sacrum
736 1442 1140 1495 praepararentur.

396 1499 454 1545 X.
500 1496 596 1558 Qui
641 1495 812 1561 justam
865 1509 1052 1545 aetatem
1109 1499 1345 1565 attigerat,

300 1592 306 1599 ⁴
333 1563 628 1627 reliquisque
656 1560 890 1627 requifitis
929 1563 1182 1613 instructus
1230 1575 1347 1623 erat,

334 1630 561 1680 natalium
599 1629 733 1693 jure,
787 1630 1063 1678 Sacerdotio
1094 1631 1346 1698 gaudebat,

333 1694 560 1746 Pontifex
584 1707 744 1743 autem
762 1697 831 1744 M.
855 1711 879 1744 a
901 1697 1137 1759 Synedrio
1153 1701 1220 1746 M.
1236 1713 1350 1745 con·

332 1762 627 1817 stituebatur,
649 1761 939 1826 plerumque
958 1764 1155 1827 quidem
1178 1764 1348 1812 detun-

334 1830 396 1880 &i
423 1827 545 1878 filius
573 1837 686 1876 natu
715 1828 896 1893 major,
930 1844 1008 1878 aut
1032 1829 1256 1896 sanguine
1280 1830 1348 1879 illi

332 1897 605 1963 proximus,
621 1892 704 1942 nifi
728 1895 872 1943 effent
894 1912 1003 1960 quae
1025 1896 1158 1945 illurn
1182 1897 1239 1946 ab
1258 1896 1348 1946 hac

333 1964 563 2029 dignitate
583 1961 911 2021 excluderent,
946 1964 993 2010 in
1017 1964 1096 2011 tali
1124 1960 1252 2012 enim
1277 1978 1348 2011 ca·-

332 2029 384 2080 su
412 2040 643 2094 cognatus
675 2029 932 2093 proximus
969 2028 1348 2085 substituebatur,

332 2096 462 2145 unde
494 2093 673 2143 factum
707 2107 759 2142 ut
799 2094 876 2143 illa
911 2111 1260 2162 nonnunquam
1291 2095 1351 2144 ab

332 2178 426 2213 una
447 2161 625 2212 familia
643 2162 694 2211 in
717 2160 857 2216 aliam
879 2161 1110 2214 transiret.
1166 2160 1354 2282 Succies—

387 2255 391 2263 ··
1297 2241 1344 2279 10
