1378 2392
13 0 29 98 .-
92 16 97 18 .
131 5 133 8 ι
181 28 431 97 Cap.X1V.
452 0 454 5 y
474 30 550 81 De
570 29 743 80 Funere
765 31 861 94 &a
889 33 892 37 ’
946 41 1037 88 621

23 179 185 221 ‘rmzrx
214 180 419 217 moeret.
484 173 524 218 A
557 170 843 234 quibusdam
879 183 1040 222 tamen

0 247 2 295 ᾗ
27 233 206 283 horum
227 233 500 284 officiorum
516 272 527 292 ,
560 238 779 300 quaedam
805 237 1038 302 pet-fimat,

0 301 1 316 ³
26 300 189 349 liberae
206 314 356 349 erant.
426 303 526 350 Rex
551 304 694 358 enim,
730 315 783 350 ut
801 305 938 352 multi
958 307 1033 368 Ju-

25 367 243 415 daeorum
270 366 467 428 volunt,
501 368 734 417 feretrum
756 386 855 418 non
875 369 1037 434 seque·

25 432 179 493 batur,
201 434 331 482 idem
350 451 546 498 quoque
566 452 664 483 non
683 434 881 485 faciebat
891 439 1032 485 Pont.

24 501 94 548 M.
115 501 188 547 cui
208 516 297 548 nec
322 500 492 549 licebat
514 501 693 550 vestem
716 501 934 559 lacerare,
954 514 1035 551 aut

22 564 258 614 caefilriem
283 568 487 627 nudare,
531 580 586 616 ut
608 584 697 617 nec
718 567 803 617 ulli
825 568 1034 619 &cerdo-

21 642 126 680 tum
158 631 202 680 se
224 636 549 682 contaminare
574 647 794 690 mortuo,
827 649 1033 702 excepto

22 709 222 747 mortuo
282 701 488 765 raecepfi,
510 699 635 766 supr.
648 703 691 765 ᾗ.
706 703 827 749 XIV.
840 703 884 751 &
897 702 1031 767 quod

20 765 76 813 ad
99 715 364 814 [hcerzfivtes
381 766 604 833 vulgares
628 769 809 827 attinet,
843 767 922 821 sex
938 768 1035 818 illis

19 831 80 897 de
103 831 277 896 quibus
300 832 426 894 (LX.
448 837 489 897 §-
504 835 700 898 XXIII.)

81 952 342 1002 XXXVIII.
385 951 589 1002 Duratio
628 952 807 1002 horum
849 950 1029 1003 officio·
1039 961 1213 1006 Duratio

16 1026 128 1064 rum
164 1019 369 1067 mortuis
399 1018 728 1069 exhibitorum
750 1022 876 1069 varia
904 1017 1168 1078 eratgboqum
1193 1018 1256 1071 οὗ

15 1081 167 1131 Fletus
194 1081 252 1132 θ’
270 1083 486 1149 ρΙιιηὲῗιω·
525 1102 876 1151 nonnunquam
906 1069 1226 1137 ultrafim'm·

15 1149 144 1198 diem
168 1158 340 1200 mortis
363 1153 775 1210 continuabantur,
809 1169 957 1218 quem
976 1154 1027 1203 in

13 1213 160 1264 finem
193 1217 450 1281 aliquando
475 1219 518 1267 &
546 1219 604 1267 ad
634 1218 885 1285 stpulchra
914 1221 1029 1270 dein

12 1282 213 1331 exibant·
234 1282 344 1348 Joh.
370 1287 451 1332 XI.
479 1301 553 1344 31.
583 1286 719 1351 prior
736 1298 898 1334 tamen
922 1303 1025 1336 non

9 1348 135 1397 ultra
162 1360 260 1398 tres
290 1367 379 1399 nec
413 1351 652 1416 posterior
684 1352 809 1401 ultra
838 1351 1021 1418 septem

9 1411 124 1470 dies,
138 1427 460 1481 praeterquam
486 1419 534 1466 in
558 1429 717 1468 morte
728 1419 1022 1484 sapientum,

10 1480 91 1530 ubi
131 1498 223 1546 pro
258 1485 510 1549 Sapientiae
543 1484 682 1534 laude
716 1484 912 1534 brevius
939 1496 1022 1535 aut

7 1545 199 1614 longius
229 1549 489 1605 durabant,
541 1551 728 1600 nullum
749 1562 909 1601 autem
940 1569 1021 1602 eo-

6 1628 116 1663 rum
148 1614 272 1664 ultra
296 1618 418 1663 XXX
448 1617 550 1666 dies
575 1615 780 1674 flebant,
831 1634 921 1667 nec
949 1618 1021 1668 ul-

4 1690 78 1728 tra
96 1683 183 1730 XII
215 1681 400 1732 menses
432 1683 738 1750 plangebant.
806 1684 1019 1736 Lustum

4 1746 154 1809 Judaei
173 1763 235 1796 ex
258 1748 364 1815 lege
384 1751 440 1798 ad
455 1752 648 1799 unicum
663 1760 848 1800 tantum
867 1752 1016 1810 diem,

5 1810 82 1861 seu
102 1815 273 1862 mortis
283 1816 328 1864 &
338 1813 606 1881 sepulturae,
639 1817 1014 1868 determinatum

4 1877 92 1927 effe
117 1880 339 1940 tradunt,
374 1897 434 1931 ex
466 1881 695 1933 sententia
719 1895 880 1933 autem
910 1887 1015 1934 Ma·

2 1942 287 2011 gistrorum,
317 1945 454 1998 illum
474 1949 532 1998 ad
554 1952 642 1999 VII
654 1986 666 2008 ,
697 1951 799 1999 imo
820 1966 882 1999 ex
902 1966 1010 2016 par—

2 2021 50 2058 te
69 2012 129 2060 ad
158 2013 281 2059 XXX
306 2014 408 2064 dies
437 2016 729 2076 extendunt,
762 2027 1012 2082 praeeunte

0 2073 244 2143 scriptura,
272 2082 395 2131 Gen.
407 2085 466 2133 L.
482 2099 557 2133 10.
575 2083 621 2135 &
634 2085 780 2151 Dent.
791 2084 910 2130 XXI.
931 2100 950 2132 1
963 2099 1010 2143 3.

807 2162 1007 2222 xxmxb
