1378 2392
107 255 321 308 Occupatio

105 318 178 364 per
211 310 326 351 Sara-

108 375 229 404 cenos.

108 894 310 947 Restitutio

107 950 234 992 adhuc
263 964 327 989 ex-

106 1003 323 1059 [harmala.

352 115 448 166 370
511 101 624 150 Pars
645 101 708 148 11.
741 97 816 150 De
836 97 966 148 Statu
991 97 1206 151 Politice.

420 241 588 289 XLVI.
623 237 881 303 Postquam
907 239 1178 288 Romanum
1209 239 1359 305 impe·

354 306 481 356 rium
493 303 680 354 Christo
705 321 884 354 nomen
905 304 1059 363 dedit,
1099 315 1227 354 terra
1257 307 1360 371 qui-

356 374 472 422 dem
490 371 602 434 :haec
628 373 678 418 in
699 373 1054 435 Imperatorum
1076 369 1360 420 Christiano-

354 454 467 488 rum
486 436 768 503 potestatem
789 438 935 492 venit,
966 451 1083 484 mox
1101 453 1219 486 vero
1239 453 1264 487 a
1283 442 1360 487 Sa-

355 505 537 554 racenis
557 513 798 567 occupata,
827 500 1094 566 frustraque
1113 502 1281 552 iisdem
1300 503 1361 553 ad

343 570 506 620 ‘breve
525 580 718 633 tempus
739 567 880 624 bello,
919 568 1053 632 quod
1073 566 1254 618 {herum
1275 585 1359 618 vo-

355 646 477 692 cant,
515 646 692 700 erepta,
727 633 1050 699 plurimorum
1068 634 1164 699 jam
1185 634 1361 684 seculo-

352 717 465 751 rum
488 700 665 763 tradku,
700 699 783 750 sub
810 696 1076 751 infidelium
1108 702 1358 764 tyrannide

355 766 636 835 ingemiscit.

419 889 610 936 XLVII.
653 888 761 935 Non
808 883 1022 935 obstante
1065 894 1225 935 tamen
1269 882 1359 934 hac

353 953 549 1003 tristiori
571 951 702 1007 facie,
715 951 843 1002 illam
861 953 909 1000 in
923 949 1016 1000 fine
1035 951 1223 1001 dierum
1237 953 1357 1001 N.T.

355 1036 469 1069 cum
499 1018 618 1069 urbe
648 1017 978 1081 Hierosolyma
1004 1017 1357 1074 restituendam,

354 1102 453 1152 quo
482 1085 894 1151 quemadmodum
921 1084 1166 1148 quondam
1193 1084 1358 1150 gratiae

354 1164 498 1218 atque
529 1153 636 1206 irae,
666 1151 730 1200 ita
754 1150 947 1199 tandem
977 1150 1022 1199 &
1042 1150 1212 1216 gloriae
1239 1150 1358 1198 divi-

352 1235 427 1269 nae
440 1220 490 1266 in
513 1214 698 1267 ecclefia
718 1217 1000 1266 ultimorum
1018 1227 1297 1282 temporum
1308 1215 1359 1263 in

350 1286 494 1333 terris
523 1281 875 1332 manifestandae
898 1280 1140 1330 theatrum
1172 1280 1358 1340 evadet,

392 1350 703 1417 rophetarum
714 1347 900 1398 oracula
919 1364 1007 1396 nos
1027 1347 1244 1396 dubitare
1256 1363 1356 1395 non

352 1365 524 1466 If3inunt.
568 1415 664 1464 vid.
694 1415 806 1465 Psal.
824 1414 1050 1464 LXXXV.
1068 1416 1164 1479 Jer.
1185 1413 1352 1462 XXXI.

353 1483 400 1533 8<
418 1482 558 1534 Zach.
577 1483 694 1530 XIV·

1230 2216 1361 2268 CAP.
