1378 2392
91 670 138 710 In
156 669 271 730 Syna·

88 736 206 777 ἔζη.

87 1015 135 1057 In
165 1014 302 1056 edibus

27 1127 30 1130 ⁴
83 1070 263 1124 privatis.

346 95 441 148 304
540 85 653 146 Pars
674 85 712 135 1.
735 83 822 136 De
838 85 970 137 Statu
984 86 1165 154 -EccleJZ

339 225 597 292 pabantur:
648 243 758 276 cum
791 227 1032 277 oblatione
1062 229 1344 283 libaminum

342 308 477 357 aeque
508 309 561 342 ac
584 292 692 342 alias
722 302 982 343 concentus
1004 293 1206 345 musicus
1232 316 1344 348 con-

339 359 527 423 juntffim
547 371 661 407 erat.
683 360 826 408 Num.
842 362 898 410 X.
918 374 992 408 10.
1020 361 1243 414 omnibus
1266 381 1342 414 au·

336 436 435 474 tem
447 425 520 474 his
535 422 767 474 sacrificiis
787 425 955 474 oblatis
973 428 1343 483 immolabantur

337 491 380 539 ἃ
409 491 493 539 alia
527 506 634 555 quae
671 492 842 556 privati
873 489 967 540 five
998 507 1058 540 ex
1089 506 1206 544 voto
1244 495 1340 550 sive

338 557 564 622 peculiari
585 558 759 622 pietate
785 557 1098 607 adduxerant.

403 646 613 696 XXXIX.
670 650 721 694 ln
771 646 1034 714 Synagogis
1058 687 1070 708 ‚
1136 651 1341 704 recitatis

335 713 558 778 precibus
577 713 827 761 ordinariis
842 750 854 770 ,
886 730 976 762 nec
998 731 1095 763 non
1114 716 1340 768 addititiis

337 779 699 828 noviluniorum
722 814 735 833 ‚
803 791 1010 843 quatuor
1044 781 1272 832 Lestores
1311 798 1337 834 a

332 844 551 894 ministro
584 845 768 894 evocati
802 845 959 912 legem
997 847 1335 915 praelegebant‚

332 923 378 960 at
397 909 493 960 fine
514 909 746 977 haphtara
765 911 1062 978 prophetica.
1344 935 1349 937 >

400 999 502 1047 XL.
539 997 782 1062 Praecipue
807 1010 966 1047 autem
997 997 1173 1066 gaudio
1194 1001 1335 1050 Novi-

331 1064 457 1113 lunia
487 1058 785 1129 transigenda
812 1075 968 1126 erant,
1003 1066 1131 1115 unde
1148 1065 1245 1131 jam
1267 1069 1335 1116 in-

333 1130 394 1180 de
412 1128 470 1179 ab
489 1127 813 1193 antiquiffimis
832 1131 1133 1196 temporibus
1145 1168 1158 1190 ,
1197 1133 1333 1184 domi

329 1196 421 1249 suae
444 1195 547 1246 laeta
573 1194 865 1244 instruebant
894 1197 1112 1254 convivia
1160 1213 1179 1247 1
1206 1202 1332 1248 Sam.

329 1265 432 1313 XX.
449 1277 492 1323 5,
508 1270 663 1326 18.25.
695 1261 796 1310 imo
821 1278 931 1312 cum
953 1265 1162 1313 maxime
1180 1263 1331 1327 Judaei

326 1328 457 1379 lustu
499 1340 642 1392 atque
681 1327 858 1394 jejunio
897 1330 1066 1394 procul
1113 1329 1330 1380 facessere

323 1393 467 1462 juffis,
500 1393 727 1454 ludendo,
749 1394 969 1459 jocando,
1003 1397 1245 1464 genioque
1263 1398 1330 1446 in-

324 1459 572 1527 dulgendo
601 1470 792 1526 tempus
813 1471 998 1522 terunt,
1033 1460 1330 1512 cessationem

322 1542 481 1577 autem
500 1525 558 1577 ab
577 1527 709 1576 omni
729 1539 877 1592 opere
905 1527 1115 1578 foeminis
1142 1540 1329 1579 tentum

324 1591 612 1649 concedunt,
624 1593 738 1646 viris
751 1593 910 1642 minus
922 1593 1216 1644 neceffariam
1229 1611 1327 1643 cre-

321 1661 457 1719 dunt,
469 1657 700 1710 abstinere
721 1659 1000 1716 tamen&hi
1019 1659 1077 1712 ab
1099 1659 1327 1727 operibus

319 1725 623 1795 gravioribus
653 1724 818 1776 solent.

1189 2200 1325 2256 cAP.
