1378 2392
234 54 462 137 Cap.111.
507 67 584 120 De
602 66 815 136 Regibus.
937 84 1030 135 375

29 211 228 264 obscuro
272 209 380 259 Ioco
423 211 482 261 ad
523 221 702 263 tantam
747 213 1029 284 dignitatem

30 277 330 329 eveheretur.

94 345 174 394 IV.
209 343 424 392 Primum
445 345 596 412 Reges
624 345 681 395 ab
706 345 807 412 ipso
826 347 926 397 Deo
952 346 1182 405 demedio
1197 364 1246 414 ὁ·

30 406 194 476 figna‘ti
219 407 347 469 sunt,
381 411 491 460 dein
521 412 725 477 dignitas
755 411 857 463 haec
883 412 1230 473 haere-Succffo.
1265 463 1274 475 .›

30 475 196 527 ditaria
225 473 341 527 faeta
370 475 458 534 est,
493 478 555 526 ita
574 489 627 527 ut
654 476 760 537 filii,
791 479 836 527 8<
859 479 907 528 in
931 478 1030 546 spe-

30 542 122 602 cie,
156 544 324 592 ceteris
350 543 569 608 paribus,
614 546 923 611 primogeniti
949 549 1031 595 Pa-

30 609 181 659 tribus
202 607 438 660 defunctis
460 609 777 671 succederent,
814 628 1032 664 nonuun-

30 689 178 739 quam
229 675 273 724 &
318 674 542 725 succeffor
587 679 725 728 Patre
774 678 870 743 jam
912 680 1031 728 vvivo

31 738 420 802 constitueretur,
472 751 551 791 aut
585 744 635 791 in
665 742 933 794 societatem
963 762 1034 796 re·

0 811 1 830 ³
31 808 116 875 gni
150 805 492 859 adscisceretur.
583 811 689 860 Non
724 808 1033 862 constitueba-

28 885 108 923 tur
142 884 300 923 autem
333 875 466 931 Rex,
532 873 792 926 secundum
825 877 1030 940 Judaeos,

28 935 113 1053 αἰξὶ
138 954 198 989 ex
217 937 444 991 sententia
467 941 684 1008 Synedrii
710 944 781 995 M.
811 954 890 995 aut
916 946 1031 995 Pro-

99 1014 202 1057 etae.

28 1022 60 1075 P
92 1073 150 1119 V.
171 1070 474 1141 Inauguratio
499 1069 640 1120 fiebat
662 1075 802 1124 variis
823 1075 1026 1124 cerimo·
1040 1077 1203 1142 Inaqaegu-

26 1138 140 1198 niis,
185 1153 299 1202 quas
330 1149 491 1187 tamen
520 1155 688 1187 omnes
719 1156 818 1189 non
849 1140 1156 1191 constatmw-

27 1202 213 1269 semper
246 1202 514 1254 observatas
544 1204 688 1257 fuiss'e.
780 1209 886 1257 Huc
917 1206 1030 1259 facit

27 1267 265 1337 impositio
291 1270 568 1320 diadematis
586 1287 637 1321 re
675 1273 719 1331 ii,
754 1274 945 1323 traditio
965 1285 1032 1323 te·

27 1335 233 1395 stimonii
255 1351 284 1387 2
302 1338 416 1406 Reg.
436 1340 515 1387 XI.
537 1353 609 1389 12.
639 1287 861 1389 §olemnis
883 1341 1030 1390 dedu-

29 1402 122 1453 ἃίο
153 1401 292 1468 super
323 1403 450 1453 mula
484 1405 613 1471 regia
645 1404 703 1454 ad
739 1404 925 1457 fontem
939 1408 1027 1456 'Gi-

27 1467 155 1517 chon
189 1470 338 1536 xReg.
359 1473 394 1521 1.
422 1486 444 1534 3
454 1486 496 1533 3.
530 1471 589 1521 ad
618 1471 894 1524 unctionem
921 1490 1031 1540 per-

26 1534 275 1602 agendam,
309 1537 395 1586 &a

91 1603 169 1652 v1.
201 1603 432 1651 Omnium
462 1605 701 1670 praecipua
733 1615 833 1655 erat
866 1606 1025 1656 Unflio
1044 1609 1185 1654 Unffia

25 1681 52 1716 a
80 1682 169 1732 qua
190 1668 341 1733 Reges
378 1669 513 1719 Unai
545 1671 742 1721 audiunt
785 1687 814 1723 2
836 1676 959 1723 Sam.
988 1676 1025 1725 I.

31 1747 104 1795 14,
131 1743 201 1783 16.
236 1737 359 1784 XIX.
389 1750 468 1786 21.
521 1752 692 1787 verum
724 1739 768 1788 &
796 1737 899 1788 haec
926 1755 1026 1791 non

26 1796 238 1863 semper,
287 1812 341 1850 ut
369 1803 520 1866 Judaei
557 1798 683 1854 haud
714 1802 808 1854 fine
843 1806 1026 1857 ratione

27 1861 285 1922 affirmant,
333 1867 493 1919 locum
528 1867 714 1926 habuit,
752 1870 831 1922 sed
861 1873 910 1922 in
937 1873 1030 1922 illis

26 1928 156 1990 soliS,
210 1933 290 1995 qui
321 1935 467 1999 primi
493 1950 552 1986 ex
581 1934 756 1987 familia
787 1937 940 2001 aliqua
965 1940 1027 1991 ad

25 1997 244 2063 Regnum
275 2000 620 2062 evehebantur,
663 2014 741 2054 aut
771 2004 945 2069 quibus
968 2005 1027 2056 Iis

26 2061 86 2111 de
121 2078 272 2130 regno
302 2077 428 2116 mota
463 2067 572 2118 effet
608 2086 627 2119 1
656 2071 769 2136 Reg.
789 2073 824 2119 Ι.
852 2081 923 2130 18,
947 2087 1024 2131 39.

25 2130 279 2200 2Reg.x1.
304 2147 377 2187 12.
395 2137 564 2188 XXIII.
587 2151 663 2201 30.
726 2137 912 2202 Reliqui
946 2152 1026 2213 pa‹

883 2215 1026 2256 renu-
