1378 2392
366 123 459 175 186
553 113 666 165 Pars
687 115 726 165 Ι.
759 113 833 165 De
853 113 985 164 Statu
1009 113 1180 181 Eccles..

628 212 1356 225 -ssq—-m——ffl‘

358 265 430 303 tes
473 265 631 305 autem
674 256 718 305 8(
759 256 992 303 Dominus
1025 252 1373 305 dividebantur

358 317 591 372 sacrificia
623 318 833 370 salutaria
869 323 1067 386 privata,
1101 337 1162 370 ex
1189 322 1362 386 quibus

359 387 639 436 Sacerdotes
690 387 982 450 recipiebant
1032 387 1197 451 peetus
1251 405 1364 441 eum

359 468 500 501 crure
520 453 709 511 dextro,
734 453 778 500 &
797 468 856 500 ex
877 454 1020 500 ariete
1030 453 1225 502 Naziraei
1246 454 1366 502 infix-

360 534 450 586 per
469 534 657 568 armum
695 517 883 567 costum
918 522 1038 567 Lev.
1062 521 1161 571 VII.
1204 535 1277 581 35.
1319 522 1364 569 8<

359 586 501 637 Num.
517 587 593 632 Vl.
611 598 683 644 19.
718 586 803 634 His
825 583 1145 644 vescebantur,
1171 586 1219 638 in
1243 599 1363 635 tem·

360 650 445 716 plo
477 661 556 698 aut
583 650 701 699 urbe
727 649 1058 713 Hierosolyma
1085 667 1183 698 non
1211 651 1364 701 solum

359 713 468 783 ipsl,
501 717 545 765 &
568 713 674 770 filii,
710 713 787 764 sed
813 717 857 765 &
886 732 1062 769 uxores
1084 717 1128 767 &
1159 715 1265 767 filiae
1288 717 1364 767 vel

358 784 588 846 innuptae,
610 780 686 842 vel
705 782 754 833 in
773 794 1020 847 paternam
1041 783 1243 832 domurn
1267 782 1362 832 fine

276 848 278 853 ’
357 848 519 900 liberis
548 858 777 913 receptae,
823 849 940 913 quin
975 849 1019 897 &
1057 848 1202 908 servi,
1239 866 1362 926 'pre‘

110 1373 300 1438 comestio-

109 1443 168 1470 ιιι
179 1440 340 1468 τινι-ωσι..

103 1481 263 1538 stantia}

356 915 426 962 tio
463 915 635 978 empti,
684 929 784 964 non
815 916 934 963 vero
970 916 1363 970 mercenari1aut

357 979 581 1044 inquilini
592 982 946 1033 Lev.XX11.10.
960 996 977 1028 1
993 996 1007 1028 1
1021 996 1114 1033 .12.
1133 998 1150 1029 1
1163 998 1204 1039 3.
1219 985 1360 1036 Num.

356 1047 504 1098 XVII.
542 1063 559 1094 1
575 1062 612 1095 1.
658 1045 840 1110 reliqua
876 1063 994 1095 vero
1039 1048 1362 1098 Dominorum

356 1123 518 1171 erant,
550 1112 634 1176 qui
663 1112 829 1162 eadem
852 1110 947 1165 five
974 1113 1023 1162 in
1051 1114 1170 1162 atrio
1199 1112 1294 1163 five
1313 1116 1363 1164 in

357 1176 539 1233 aedibus
561 1178 771 1242 privatis,
794 1195 882 1244 per
901 1178 1166 1229 universam
1188 1179 1363 1230 urbem

355 1259 449 1293 una
476 1256 586 1292 cum
612 1243 882 1299 domesticis
905 1245 1099 1308 aliisque
1130 1248 1363 1301 conviviS,

355 1309 690 1361 comedebant.
1035 1312 1037 1314 ’

420 1379 568 1425 LVII.
611 1374 1000 1426 Comedebantur
1042 1385 1199 1427 autem
1242 1392 1362 1425 non-

354 1442 482 1496 nulla
502 1440 622 1495 εοέῗα
640 1452 719 1492 aut
737 1439 863 1490 elixa
876 1477 888 1496 ,
920 1453 966 1495 at
987 1440 1214 1506 pleraque
1242 1441 1357 1506 affit-

353 1521 417 1559 τα.
487 1509 734 1577 Imprimis
763 1506 916 1556 affatio
943 1509 991 1556 in
1019 1509 1152 1572 agnis
1172 1507 1363 1557 Pascha-

351 1575 477 1624 libus
493 1575 723 1644 praecepti
741 1574 890 1622 divini
912 1585 1012 1624 erat
1030 1574 1185 1625 Exod.
1196 1577 1299 1623 XII.
1314 1589 1362 1631 9.

354 1639 637 1689 Come-dentes
657 1655 842 1698 omnes,
863 1637 957 1688 five
969 1641 1245 1689 Sacerdotes
1263 1638 1363 1692 five

350 1708 543 1773 privati,
557 1706 795 1755 debebant
807 1705 895 1754 effe
908 1708 1034 1770 puri,
1047 1708 1306 1756 Lev.VlI.2
1318 1722 1335 1755 1
1345 1743 1359 1758 .

350 1775 501 1822 XXII.
515 1787 562 1836 4.
603 1773 802 1823 Privatis
822 1771 898 1823 sua
920 1773 970 1822 in
992 1772 1177 1837 templo
1199 1788 1359 1820 corne-

352 1838 593 1897 dentibus,
626 1837 795 1886 licebat
816 1836 1039 1886 modicum
1061 1840 1160 1886 vini
1177 1837 1359 1898 bibere,

351 1921 452 1955 non
477 1921 595 1952 ver—o
618 1904 968 1957 Sacerdotibus.
1037 1904 1260 1970 Inprimis
1282 1919 1360 1952 au-

349 1981 452 2020 tem
486 1971 535 2018 in
557 1968 847 2018 comestione
879 1971 1224 2019 attendendum
1258 1979 1367 2024 erat¹

349 2047 559 2101 ternpus,
572 2036 704 2099 quod
728 2052 819 2101 pro
833 2035 1181 2086 Sacrificiorum
1200 2034 1358 2084 discri-

351 2103 483 2154 mine
521 2101 753 2160 variabat,
798 2103 858 2152 ita
898 2115 947 2151 ut
985 2119 1082 2166 quo
1113 2101 1356 2158 sanctiora,

350 2184 409 2221 eo
430 2168 644 2222 breviori
671 2169 907 2235 temporis
933 2168 1081 2235 spatio
1102 2169 1358 2280 comedexlr-

1298 2251 1313 2281 (
1334 2248 1358 2281 a
