1378 2392
43 38 224 135 Cep-V..
235 67 310 119 De
321 65 547 132 Judiciis,
561 66 809 134 Suppliciis
818 68 913 122 &a
949 91 1007 137 4¹
1019 93 1045 141 3

100 209 293 256 XXVII.
333 205 499 254 Carcer
528 221 625 255 non
652 205 803 257 solum
823 210 1203 271 inserviit-carcer,

0 294 2 316 r
38 274 118 323 bat
148 273 348 339 captivis
375 271 676 333 affervandis‚
729 275 886 326 donec
911 277 1043 328 causa

34 355 208 389 eorum
242 338 494 404 dijudicata
525 338 633 388 effet
654 341 755 391 Αᾶ.
775 344 831 395 V.
857 353 930 403 18,
962 359 1041 396 21.

20 405 117 456 ‘sed
146 406 191 455 &
218 405 314 470 jam
342 405 455 452 inde
483 404 540 454 ab
568 406 895 470 antiquiffimis
922 422 1043 459 tem-

34 471 231 539 poribus
253 483 410 537 poenae
428 472 663 520 rationem
689 473 905 535 habebat,
920 478 1043 528 Gen.

35 540 244 588 XXXIX.
260 552 337 587 20.
352 536 454 601 sqq.
478 539 861 603 Conjiciebantur
880 555 1039 593 autem

34 607 84 655 in
104 604 240 653 illum
263 619 363 651 non
395 613 581 653 tantum
614 605 855 657 debitores
887 625 1043 673 usque

35 671 95 722 ad
115 670 262 719 debiti
282 668 565 719 solutionem
596 671 768 722 Matth.
782 675 837 721 V.
858 689 936 736 25,
959 686 1039 726 26.

38 740 83 788 &
102 739 271 785 XVIII.
287 750 360 796 30.
398 734 476 784 sed
495 738 539 786 &
557 737 757 787 aliorum
780 741 1036 791 criminum

36 805 121 864 rei,
133 804 233 852 imo
255 818 346 870 pro
371 802 565 851 illorum
586 806 824 866 varietate,
836 810 1038 858 carceris

37 886 235 936 quoque
257 880 357 918 erat
378 867 657 919 differentia.
718 872 1039 924 Tolerabilior

35 937 113 987 ille
131 947 231 984 erat
253 946 436 988 ffit‘mr'!
457 946 590 990 5317:
620 938 669 984 in
692 939 811 986 atrio
834 939 1039 1002 custodiae

34 1006 129 1069 Jer.
161 1003 394 1050 XXXVII.
426 1016 503 1052 21.
531 1005 726 1068 gravior
759 1015 920 1059 771)er
949 1017 1037 1060 nv:

35 1068 193 1119 domus
210 1065 427 1130 custodiae,
441 1066 597 1122 saun
616 1080 702 1122 ΝΣ
723 1069 1035 1135 dmnusfweae

33 1135 149 1187 ibid.
164 1136 217 1183 V.
249 1150 322 1194 15,
343 1142 415 1184 16.
437 1134 733 1200 graviffimus
763 1134 937 1191 17192573
956 1150 1037 1192 Ἶτὲ

32 1202 163 1266 fovea
187 1198 395 1260 Malkiae,
429 1213 528 1250 erat
551 1200 628 1250 hic
648 1201 780 1251 Iocus
805 1203 1036 1255 subterra-

35 1284 152 1318 neus
171 1267 339 1333 plenus
362 1267 480 1327 lut0‚
514 1268 564 1316 in
584 1285 729 1332 quem
753 1271 822 1319 rei
842 1269 1037 1321 funibus

34 1334 423 1390 demittebantur,
451 1335 546 1398 Jer.
557 1337 812 1386 XXXVIII.
827 1345 873 1387 6.

99 1402 313 1449 XXVIII.
374 1402 653 1450 incarcerati
709 1402 1035 1462 tradebantur,
1053 1413 1224 1459 Carceris

36 1466 259 1517 custodiae
276 1463 658 1530 Δεσμοφυλσίκων,
685 1485 1034 1534 nonnunquam
1049 1481 1240 1529 “ggmva‘
1263 1484 1268 1487 '

36 1534 211 1582 catenis
238 1544 317 1582 aut
346 1533 659 1598 compedibus
690 1535 1034 1599 vinciebantur,
1052 1530 1118 1563 ²¹⁰·

34 1612 115 1649 aut
138 1613 305 1648 manus
329 1599 536 1663 pedesve
559 1599 691 1666 ligno
712 1601 1039 1653 inserebantur

33 1664 103 1715 Ps.
117 1668 213 1714 CV.
234 1673 306 1722 18.
325 1665 426 1728 Job.
437 1668 563 1715 XIII.
578 1681 653 1728 27.
703 1669 972 1733 Aliquando
992 1672 1037 1720 &

3 1732 168 1788 ,Iocus
199 1731 359 1782 arctus>
392 1733 442 1780 in
485 1747 672 1782 carcere
712 1747 813 1783 erat
854 1737 1034 1799 (Judaei

35 1810 152 1851 ntra
183 1797 445 1863 appellant,
509 1799 705 1863 quidam
734 1801 779 1850 &
810 1812 1032 1857 nubam}

35 1864 129 1912 dici
168 1863 339 1913 volunt
373 1864 468 1928 Jer.
500 1867 708 1916 XXXIX.
735 1869 849 1930 26.)
896 1867 1035 1918 statu-

34 1945 101 1979 rae
132 1928 341 1979 hominis
372 1929 692 1996 respondem,
746 1933 824 1982 sed
854 1934 903 1982 in
934 1952 1034 1999 quo

35 1995 143 2060 quis
175 1995 346 2046 cubare
377 2012 476 2046 non
545 2010 723 2056 oterat,
760 1999 873 2049 huic
903 2001 1036 2050 inde-

33 2061 175 2111 batur
203 2064 286 2127 qui
305 2063 486 2112 caedem
523 2080 601 2114 1ne
622 2065 818 2116 testibus
837 2070 1037 2116 commi-

32 2125 176 2189 serat,
229 2129 275 2182 &
310 2129 550 2183 cibabatur
581 2148 705 2200 pane
733 2149 961 2184 aerumnae
993 2134 1039 2183 8<

904 2200 1039 2266 aquis
