<?xml version="1.0" encoding="UTF-8"?>
<!DOCTYPE html PUBLIC "-//W3C//DTD XHTML 1.0 Transitional//EN"
    "http://www.w3.org/TR/xhtml1/DTD/xhtml1-transitional.dtd">
<html xmlns="http://www.w3.org/1999/xhtml" xml:lang="en" lang="en">
 <head>
  <title>
</title>
<meta http-equiv="Content-Type" content="text/html;charset=utf-8" />
  <meta name='ocr-system' content='tesseract 3.04.00' />
  <meta name='ocr-capabilities' content='ocr_page ocr_carea ocr_par ocr_line ocrx_word'/>
</head>
<body>
  <div class='ocr_page' id='page_1' title='image "./antiquitateshebr00iken_0264.png"; bbox 0 0 1378 2392; ppageno 0'>
   <div class='ocr_carea' id='block_1_1' title="bbox 362 105 1180 204">
    <p class='ocr_par' dir='ltr' id='par_1_1' title="bbox 362 105 1180 204">
     <span class='ocr_line' id='line_1_1' title="bbox 362 105 1180 204; baseline 0.004 -19"><span class='ocrx_word' id='word_1_1' title='bbox 362 147 460 198; x_wconf 82' lang='lat'><strong>244</strong></span> <span class='ocrx_word' id='word_1_2' title='bbox 558 135 672 184; x_wconf 82' lang='lat' dir='ltr'><strong>Pars</strong></span> <span class='ocrx_word' id='word_1_3' title='bbox 693 136 729 184; x_wconf 93' lang='lat' dir='ltr'><strong>I.</strong></span> <span class='ocrx_word' id='word_1_4' title='bbox 765 105 840 186; x_wconf 71' lang='lat' dir='ltr'><strong>De</strong></span> <span class='ocrx_word' id='word_1_5' title='bbox 864 135 1180 204; x_wconf 66' lang='lat' dir='ltr'><strong>Statchclesl</strong></span> 
     </span>
    </p>
   </div>
   <div class='ocr_carea' id='block_1_2' title="bbox 363 229 645 240">
    <p class='ocr_par' dir='ltr' id='par_1_2' title="bbox 363 229 645 240">
     <span class='ocr_line' id='line_1_2' title="bbox 363 229 645 240; baseline 0 2152"><span class='ocrx_word' id='word_1_6' title='bbox 363 229 645 240; x_wconf 95' lang='lat' dir='ltr'><strong> </strong></span> 
     </span>
    </p>
   </div>
   <div class='ocr_carea' id='block_1_3' title="bbox 652 229 789 239">
    <p class='ocr_par' dir='ltr' id='par_1_3' title="bbox 652 229 789 239">
     <span class='ocr_line' id='line_1_3' title="bbox 652 229 789 239; baseline 0 2153"><span class='ocrx_word' id='word_1_7' title='bbox 652 229 789 239; x_wconf 95' lang='lat' dir='ltr'><strong> </strong></span> 
     </span>
    </p>
   </div>
   <div class='ocr_carea' id='block_1_4' title="bbox 812 231 1073 240">
    <p class='ocr_par' dir='ltr' id='par_1_4' title="bbox 812 231 1073 240">
     <span class='ocr_line' id='line_1_4' title="bbox 812 231 1073 240; baseline 0 2152"><span class='ocrx_word' id='word_1_8' title='bbox 812 231 1073 240; x_wconf 95' lang='lat' dir='ltr'><strong> </strong></span> 
     </span>
    </p>
   </div>
   <div class='ocr_carea' id='block_1_5' title="bbox 1089 232 1363 242">
    <p class='ocr_par' dir='ltr' id='par_1_5' title="bbox 1089 232 1363 242">
     <span class='ocr_line' id='line_1_5' title="bbox 1089 232 1363 242; baseline 0 0"><span class='ocrx_word' id='word_1_9' title='bbox 1089 232 1363 242; x_wconf 95' lang='lat' dir='ltr'><strong> </strong></span> 
     </span>
    </p>
   </div>
   <div class='ocr_carea' id='block_1_6' title="bbox 108 271 1378 2307">
    <p class='ocr_par' dir='ltr' id='par_1_6' title="bbox 357 271 1373 918">
     <span class='ocr_line' id='line_1_6' title="bbox 363 271 1371 338; baseline 0.003 -19"><span class='ocrx_word' id='word_1_10' title='bbox 363 280 498 320; x_wconf 82' lang='lat' dir='ltr'><strong>erant</strong></span> <span class='ocrx_word' id='word_1_11' title='bbox 518 280 807 335; x_wconf 78' lang='lat' dir='ltr'><strong>comparata,</strong></span> <span class='ocrx_word' id='word_1_12' title='bbox 835 286 946 320; x_wconf 85' lang='lat' dir='ltr'><strong>nam</strong></span> <span class='ocrx_word' id='word_1_13' title='bbox 966 271 1232 338; x_wconf 83' lang='lat' dir='ltr'><strong>&amp;populus</strong></span> <span class='ocrx_word' id='word_1_14' title='bbox 1258 290 1371 322; x_wconf 88' lang='lat' dir='ltr'><strong>eum</strong></span> 
     </span>
     <span class='ocr_line' id='line_1_7' title="bbox 362 333 1372 403; baseline 0.002 -17"><span class='ocrx_word' id='word_1_15' title='bbox 362 338 412 386; x_wconf 87' lang='lat' dir='ltr'><strong>in</strong></span> <span class='ocrx_word' id='word_1_16' title='bbox 443 333 590 386; x_wconf 87' lang='lat' dir='ltr'><strong>finem</strong></span> <span class='ocrx_word' id='word_1_17' title='bbox 621 338 670 385; x_wconf 92' lang='lat' dir='ltr'><strong>in</strong></span> <span class='ocrx_word' id='word_1_18' title='bbox 698 338 884 402; x_wconf 88' lang='lat' dir='ltr'><strong>jejuniis</strong></span> <span class='ocrx_word' id='word_1_19' title='bbox 910 339 1111 403; x_wconf 85' lang='lat' dir='ltr'><strong>publicis</strong></span> <span class='ocrx_word' id='word_1_20' title='bbox 1141 356 1372 389; x_wconf 84' lang='lat' dir='ltr'><strong>convoca-</strong></span> 
     </span>
     <span class='ocr_line' id='line_1_8' title="bbox 362 403 1371 473; baseline 0.001 -20"><span class='ocrx_word' id='word_1_21' title='bbox 362 403 526 459; x_wconf 81' lang='lat' dir='ltr'>batur,</span> <span class='ocrx_word' id='word_1_22' title='bbox 568 415 711 467; x_wconf 86' lang='lat' dir='ltr'><strong>atque</strong></span> <span class='ocrx_word' id='word_1_23' title='bbox 733 403 1026 454; x_wconf 79' lang='lat' dir='ltr'>excitabatur</span> <span class='ocrx_word' id='word_1_24' title='bbox 1044 403 1162 453; x_wconf 88' lang='lat' dir='ltr'><strong>tristi</strong></span> <span class='ocrx_word' id='word_1_25' title='bbox 1183 405 1371 473; x_wconf 86' lang='lat' dir='ltr'><strong>clango-</strong></span> 
     </span>
     <span class='ocr_line' id='line_1_9' title="bbox 364 468 1373 534; baseline 0.003 -15"><span class='ocrx_word' id='word_1_26' title='bbox 364 486 418 519; x_wconf 87' lang='lat' dir='ltr'><strong>re</strong></span> <span class='ocrx_word' id='word_1_27' title='bbox 431 506 443 526; x_wconf 94' lang='lat'><strong>,</strong></span> <span class='ocrx_word' id='word_1_28' title='bbox 482 470 531 517; x_wconf 89' lang='lat' dir='ltr'><strong>in</strong></span> <span class='ocrx_word' id='word_1_29' title='bbox 550 468 735 534; x_wconf 87' lang='lat' dir='ltr'><strong>templo</strong></span> <span class='ocrx_word' id='word_1_30' title='bbox 755 471 952 534; x_wconf 86' lang='lat' dir='ltr'><strong>quidem</strong></span> <span class='ocrx_word' id='word_1_31' title='bbox 971 471 1373 530; x_wconf 77' lang='lat' dir='ltr'><strong>tubarun1&amp;buc-</strong></span> 
     </span>
     <span class='ocr_line' id='line_1_10' title="bbox 363 537 1370 603; baseline 0.003 -18"><span class='ocrx_word' id='word_1_32' title='bbox 363 538 578 586; x_wconf 85' lang='lat' dir='ltr'><strong>cinarum</strong></span> <span class='ocrx_word' id='word_1_33' title='bbox 594 572 607 592; x_wconf 95' lang='lat'><strong><em>‚</em></strong></span> <span class='ocrx_word' id='word_1_34' title='bbox 653 537 702 584; x_wconf 92' lang='lat' dir='ltr'><strong>in</strong></span> <span class='ocrx_word' id='word_1_35' title='bbox 722 539 987 603; x_wconf 83' lang='lat' dir='ltr'><strong>Synagogis</strong></span> <span class='ocrx_word' id='word_1_36' title='bbox 1007 554 1124 586; x_wconf 90' lang='lat' dir='ltr'><strong>vero</strong></span> <span class='ocrx_word' id='word_1_37' title='bbox 1145 537 1370 589; x_wconf 77' lang='lat' dir='ltr'><strong>tubarum</strong></span> 
     </span>
     <span class='ocr_line' id='line_1_11' title="bbox 363 601 1370 668; baseline 0.002 -17"><span class='ocrx_word' id='word_1_38' title='bbox 363 602 586 658; x_wconf 88' lang='lat' dir='ltr'><strong>solarum,</strong></span> <span class='ocrx_word' id='word_1_39' title='bbox 621 602 665 650; x_wconf 72' lang='lat'><strong>8&lt;</strong></span> <span class='ocrx_word' id='word_1_40' title='bbox 683 618 851 667; x_wconf 80' lang='lat' dir='ltr'><strong>preces</strong></span> <span class='ocrx_word' id='word_1_41' title='bbox 872 603 982 668; x_wconf 86' lang='lat' dir='ltr'><strong>ipsae</strong></span> <span class='ocrx_word' id='word_1_42' title='bbox 1003 621 1112 653; x_wconf 89' lang='lat' dir='ltr'><strong>cum</strong></span> <span class='ocrx_word' id='word_1_43' title='bbox 1129 601 1248 654; x_wconf 84' lang='lat' dir='ltr'><strong>fletu</strong></span> <span class='ocrx_word' id='word_1_44' title='bbox 1271 621 1370 654; x_wconf 89' lang='lat' dir='ltr'><strong>cre-</strong></span> 
     </span>
     <span class='ocr_line' id='line_1_12' title="bbox 360 667 1369 733; baseline 0.006 -19"><span class='ocrx_word' id='word_1_45' title='bbox 360 668 560 733; x_wconf 88' lang='lat' dir='ltr'><strong>brisque</strong></span> <span class='ocrx_word' id='word_1_46' title='bbox 611 667 858 733; x_wconf 81' lang='lat' dir='ltr'><strong>ejulatibus</strong></span> <span class='ocrx_word' id='word_1_47' title='bbox 900 669 1224 720; x_wconf 84' lang='lat' dir='ltr'><strong>fundebantur</strong></span> <span class='ocrx_word' id='word_1_48' title='bbox 1243 709 1255 730; x_wconf 93' lang='lat'>‚</span> <span class='ocrx_word' id='word_1_49' title='bbox 1323 672 1369 720; x_wconf 81' lang='lat'>&amp;</span> 
     </span>
     <span class='ocr_line' id='line_1_13' title="bbox 362 734 1368 801; baseline 0.002 -18"><span class='ocrx_word' id='word_1_50' title='bbox 362 735 461 801; x_wconf 88' lang='lat' dir='ltr'><strong>ipse</strong></span> <span class='ocrx_word' id='word_1_51' title='bbox 503 736 722 799; x_wconf 86' lang='lat' dir='ltr'><strong>corporis</strong></span> <span class='ocrx_word' id='word_1_52' title='bbox 773 734 961 785; x_wconf 80' lang='lat' dir='ltr'><strong>habitus</strong></span> <span class='ocrx_word' id='word_1_53' title='bbox 1005 748 1149 801; x_wconf 81' lang='lat' dir='ltr'><strong>atque</strong></span> <span class='ocrx_word' id='word_1_54' title='bbox 1198 753 1368 795; x_wconf 84' lang='lat' dir='ltr'><strong>ornnes</strong></span> 
     </span>
     <span class='ocr_line' id='line_1_14' title="bbox 360 800 1369 866; baseline 0.002 -16"><span class='ocrx_word' id='word_1_55' title='bbox 360 802 557 866; x_wconf 85' lang='lat' dir='ltr'><strong>reliquae</strong></span> <span class='ocrx_word' id='word_1_56' title='bbox 597 800 957 852; x_wconf 74' lang='lat' dir='ltr'><strong>circumstantiae</strong></span> <span class='ocrx_word' id='word_1_57' title='bbox 995 804 1170 853; x_wconf 80' lang='lat' dir='ltr'><strong>eodem</strong></span> <span class='ocrx_word' id='word_1_58' title='bbox 1207 804 1369 852; x_wconf 88' lang='lat' dir='ltr'><strong>tende-</strong></span> 
     </span>
     <span class='ocr_line' id='line_1_15' title="bbox 357 868 486 918; baseline -0.023 0"><span class='ocrx_word' id='word_1_59' title='bbox 357 868 486 918; x_wconf 80' lang='lat' dir='ltr'><strong>bant.</strong></span> 
     </span>
    </p>

    <p class='ocr_par' dir='ltr' id='par_1_7' title="bbox 118 926 1370 1000">
     <span class='ocr_line' id='line_1_16' title="bbox 118 926 1370 1000; baseline 0.002 -20"><span class='ocrx_word' id='word_1_60' title='bbox 118 926 293 1000; x_wconf 72' lang='lat' dir='ltr'><strong>Corporis</strong></span> <span class='ocrx_word' id='word_1_61' title='bbox 427 937 598 983; x_wconf 88' lang='lat' dir='ltr'><strong>XVIII.</strong></span> <span class='ocrx_word' id='word_1_62' title='bbox 633 935 740 983; x_wconf 86' lang='lat' dir='ltr'><strong>Huc</strong></span> <span class='ocrx_word' id='word_1_63' title='bbox 770 932 881 982; x_wconf 82' lang='lat' dir='ltr'><strong>facit</strong></span> <span class='ocrx_word' id='word_1_64' title='bbox 908 932 1183 984; x_wconf 71' lang='lat' dir='ltr'><strong>abstinentia</strong></span> <span class='ocrx_word' id='word_1_65' title='bbox 1208 950 1233 985; x_wconf 80' lang='lat' dir='ltr'>a</span> <span class='ocrx_word' id='word_1_66' title='bbox 1256 933 1370 992; x_wconf 84' lang='lat' dir='ltr'><strong>cibo,</strong></span> 
     </span>
    </p>

    <p class='ocr_par' dir='ltr' id='par_1_8' title="bbox 116 992 1370 1067">
     <span class='ocr_line' id='line_1_17' title="bbox 116 992 1370 1067; baseline -0.001 -17"><span class='ocrx_word' id='word_1_67' title='bbox 116 992 268 1033; x_wconf 64' lang='lat' dir='ltr'><em>lmbmas</em></span> <span class='ocrx_word' id='word_1_68' title='bbox 353 1014 484 1067; x_wconf 77' lang='lat' dir='ltr'><strong>potu,</strong></span> <span class='ocrx_word' id='word_1_69' title='bbox 506 998 684 1055; x_wconf 81' lang='lat' dir='ltr'><strong>lotione,</strong></span> <span class='ocrx_word' id='word_1_70' title='bbox 718 998 942 1057; x_wconf 59' lang='lat' dir='ltr'><strong>unffione,</strong></span> <span class='ocrx_word' id='word_1_71' title='bbox 969 999 1370 1050; x_wconf 82' lang='lat' dir='ltr'><em>calceamentorum</em></span> 
     </span>
    </p>

    <p class='ocr_par' dir='ltr' id='par_1_9' title="bbox 116 1044 1374 1846">
     <span class='ocr_line' id='line_1_18' title="bbox 116 1044 1371 1131; baseline -0.001 -15"><span class='ocrx_word' id='word_1_72' title='bbox 116 1044 196 1093; x_wconf 51' lang='grc' dir='ltr'><strong>(π’</strong></span> <span class='ocrx_word' id='word_1_73' title='bbox 361 1067 442 1117; x_wconf 78' lang='lat' dir='ltr'><strong>usu</strong></span> <span class='ocrx_word' id='word_1_74' title='bbox 464 1067 706 1124; x_wconf 60' lang='lat' dir='ltr'><strong>&amp;Venem</strong></span> <span class='ocrx_word' id='word_1_75' title='bbox 737 1065 951 1115; x_wconf 78' lang='lat' dir='ltr'><strong>laceratio</strong></span> <span class='ocrx_word' id='word_1_76' title='bbox 973 1068 1168 1131; x_wconf 82' lang='lat' dir='ltr'><strong>vestium,</strong></span> <span class='ocrx_word' id='word_1_77' title='bbox 1194 1066 1371 1116; x_wconf 84' lang='lat' dir='ltr'><strong>indutio</strong></span> 
     </span>
     <span class='ocr_line' id='line_1_19' title="bbox 347 1130 1370 1202; baseline -0.001 -20"><span class='ocrx_word' id='word_1_78' title='bbox 347 1132 581 1199; x_wconf 74' lang='lat' dir='ltr'><strong>sacci,vel</strong></span> <span class='ocrx_word' id='word_1_79' title='bbox 601 1130 736 1181; x_wconf 88' lang='lat' dir='ltr'><strong>cilicii</strong></span> <span class='ocrx_word' id='word_1_80' title='bbox 755 1132 1043 1198; x_wconf 68' lang='lat' dir='ltr'><strong>plerumque</strong></span> <span class='ocrx_word' id='word_1_81' title='bbox 1064 1134 1370 1202; x_wconf 57' lang='lat' dir='ltr'><strong>negrispeffo·</strong></span> 
     </span>
     <span class='ocr_line' id='line_1_20' title="bbox 359 1198 1370 1265; baseline 0.001 -17"><span class='ocrx_word' id='word_1_82' title='bbox 359 1203 428 1249; x_wconf 76' lang='lat' dir='ltr'><strong>ris</strong></span> <span class='ocrx_word' id='word_1_83' title='bbox 438 1198 671 1265; x_wconf 68' lang='lat' dir='ltr'><strong>percuffio,</strong></span> <span class='ocrx_word' id='word_1_84' title='bbox 691 1200 955 1264; x_wconf 75' lang='lat' dir='ltr'><strong>capillorum</strong></span> <span class='ocrx_word' id='word_1_85' title='bbox 962 1198 1149 1263; x_wconf 69' lang='lat' dir='ltr'><strong>solutio.</strong></span> <span class='ocrx_word' id='word_1_86' title='bbox 1200 1204 1255 1249; x_wconf 89' lang='lat' dir='ltr'><strong>ln</strong></span> <span class='ocrx_word' id='word_1_87' title='bbox 1275 1198 1370 1249; x_wconf 92' lang='lat' dir='ltr'><strong>hoc</strong></span> 
     </span>
     <span class='ocr_line' id='line_1_21' title="bbox 359 1265 1370 1331; baseline 0 -16"><span class='ocrx_word' id='word_1_88' title='bbox 359 1267 480 1316; x_wconf 77' lang='lat' dir='ltr'><strong>statu</strong></span> <span class='ocrx_word' id='word_1_89' title='bbox 507 1265 723 1331; x_wconf 69' lang='lat' dir='ltr'><strong>jacebant</strong></span> <span class='ocrx_word' id='word_1_90' title='bbox 748 1266 798 1314; x_wconf 91' lang='lat' dir='ltr'><strong>in</strong></span> <span class='ocrx_word' id='word_1_91' title='bbox 827 1278 952 1314; x_wconf 83' lang='lat' dir='ltr'><strong>terra</strong></span> <span class='ocrx_word' id='word_1_92' title='bbox 978 1278 1056 1316; x_wconf 85' lang='lat' dir='ltr'><strong>aut</strong></span> <span class='ocrx_word' id='word_1_93' title='bbox 1083 1269 1254 1322; x_wconf 85' lang='lat' dir='ltr'><strong>cinere,</strong></span> <span class='ocrx_word' id='word_1_94' title='bbox 1290 1265 1370 1315; x_wconf 88' lang='lat' dir='ltr'><strong>vel</strong></span> 
     </span>
     <span class='ocr_line' id='line_1_22' title="bbox 361 1330 1374 1396; baseline 0 -14"><span class='ocrx_word' id='word_1_95' title='bbox 361 1333 571 1382; x_wconf 85' lang='lat' dir='ltr'><strong>eundem</strong></span> <span class='ocrx_word' id='word_1_96' title='bbox 603 1333 744 1394; x_wconf 62' lang='lat' dir='ltr'><strong>copiti</strong></span> <span class='ocrx_word' id='word_1_97' title='bbox 771 1330 1051 1395; x_wconf 79' lang='lat' dir='ltr'><em>injiciebant.</em></span> <span class='ocrx_word' id='word_1_98' title='bbox 1120 1335 1242 1396; x_wconf 84' lang='lat' dir='ltr'><strong>Quae</strong></span> <span class='ocrx_word' id='word_1_99' title='bbox 1306 1333 1374 1382; x_wconf 85' lang='lat' dir='ltr'><strong>ui-</strong></span> 
     </span>
     <span class='ocr_line' id='line_1_23' title="bbox 362 1398 1371 1465; baseline -0.001 -17"><span class='ocrx_word' id='word_1_100' title='bbox 362 1399 474 1448; x_wconf 85' lang='lat' dir='ltr'><strong>dem</strong></span> <span class='ocrx_word' id='word_1_101' title='bbox 498 1399 546 1447; x_wconf 90' lang='lat' dir='ltr'><strong>in</strong></span> <span class='ocrx_word' id='word_1_102' title='bbox 566 1399 752 1465; x_wconf 84' lang='lat' dir='ltr'><strong>jejuniis</strong></span> <span class='ocrx_word' id='word_1_103' title='bbox 772 1398 1075 1465; x_wconf 85' lang='lat' dir='ltr'><strong>gravioribus</strong></span> <span class='ocrx_word' id='word_1_104' title='bbox 1096 1410 1193 1450; x_wconf 75' lang='lat' dir='ltr'><strong>tarn</strong></span> <span class='ocrx_word' id='word_1_105' title='bbox 1217 1416 1283 1465; x_wconf 91' lang='lat' dir='ltr'><strong>pu</strong></span> <span class='ocrx_word' id='word_1_106' title='bbox 1321 1399 1371 1448; x_wconf 92' lang='lat' dir='ltr'><strong>li-</strong></span> 
     </span>
     <span class='ocr_line' id='line_1_24' title="bbox 361 1462 1371 1530; baseline 0 -15"><span class='ocrx_word' id='word_1_107' title='bbox 361 1468 426 1515; x_wconf 91' lang='lat' dir='ltr'><strong>cis</strong></span> <span class='ocrx_word' id='word_1_108' title='bbox 462 1482 607 1530; x_wconf 78' lang='lat' dir='ltr'><strong>quam</strong></span> <span class='ocrx_word' id='word_1_109' title='bbox 642 1466 838 1530; x_wconf 81' lang='lat' dir='ltr'><strong>privatis</strong></span> <span class='ocrx_word' id='word_1_110' title='bbox 861 1502 874 1524; x_wconf 92' lang='lat'>,</span> <span class='ocrx_word' id='word_1_111' title='bbox 924 1465 1086 1514; x_wconf 91' lang='lat' dir='ltr'><strong>locum</strong></span> <span class='ocrx_word' id='word_1_112' title='bbox 1119 1462 1371 1515; x_wconf 75' lang='lat' dir='ltr'>habebant.</span> 
     </span>
     <span class='ocr_line' id='line_1_25' title="bbox 360 1528 1374 1591; baseline -0.001 -10"><span class='ocrx_word' id='word_1_113' title='bbox 360 1536 416 1581; x_wconf 90' lang='lat' dir='ltr'><strong>In</strong></span> <span class='ocrx_word' id='word_1_114' title='bbox 452 1528 712 1581; x_wconf 88' lang='lat' dir='ltr'><strong>levioribus</strong></span> <span class='ocrx_word' id='word_1_115' title='bbox 745 1542 930 1591; x_wconf 79' lang='lat' dir='ltr'><strong>autem,</strong></span> <span class='ocrx_word' id='word_1_116' title='bbox 991 1532 1259 1582; x_wconf 88' lang='lat' dir='ltr'>minoribus</span> <span class='ocrx_word' id='word_1_117' title='bbox 1295 1533 1374 1580; x_wconf 88' lang='lat' dir='ltr'><strong>de-</strong></span> 
     </span>
     <span class='ocr_line' id='line_1_26' title="bbox 359 1595 1372 1665; baseline -0.002 -18"><span class='ocrx_word' id='word_1_118' title='bbox 359 1598 685 1665; x_wconf 79' lang='lat' dir='ltr'><strong>fungebantur</strong></span> <span class='ocrx_word' id='word_1_119' title='bbox 711 1599 999 1658; x_wconf 84' lang='lat' dir='ltr'>cerimoniis,</span> <span class='ocrx_word' id='word_1_120' title='bbox 1017 1599 1134 1662; x_wconf 85' lang='lat' dir='ltr'><strong>quin</strong></span> <span class='ocrx_word' id='word_1_121' title='bbox 1158 1595 1259 1647; x_wconf 88' lang='lat' dir='ltr'><strong>imo</strong></span> <span class='ocrx_word' id='word_1_122' title='bbox 1281 1614 1372 1663; x_wconf 91' lang='lat' dir='ltr'><strong>pro</strong></span> 
     </span>
     <span class='ocr_line' id='line_1_27' title="bbox 359 1662 1373 1730; baseline -0.002 -17"><span class='ocrx_word' id='word_1_123' title='bbox 359 1666 529 1730; x_wconf 80' lang='lat' dir='ltr'><strong>majori</strong></span> <span class='ocrx_word' id='word_1_124' title='bbox 569 1665 808 1712; x_wconf 82' lang='lat' dir='ltr'>minorive</span> <span class='ocrx_word' id='word_1_125' title='bbox 846 1662 1109 1722; x_wconf 63' lang='lat' dir='ltr'><strong>caustrum,</strong></span> <span class='ocrx_word' id='word_1_126' title='bbox 1158 1663 1220 1712; x_wconf 88' lang='lat' dir='ltr'><strong>ob</strong></span> <span class='ocrx_word' id='word_1_127' title='bbox 1255 1679 1373 1728; x_wconf 83' lang='lat' dir='ltr'><strong>quas</strong></span> 
     </span>
     <span class='ocr_line' id='line_1_28' title="bbox 358 1730 1371 1789; baseline -0.001 -10"><span class='ocrx_word' id='word_1_128' title='bbox 358 1730 743 1789; x_wconf 77' lang='lat' dir='ltr'><strong>celebrabantur,</strong></span> <span class='ocrx_word' id='word_1_129' title='bbox 789 1742 1067 1786; x_wconf 88' lang='lat' dir='ltr'><strong>momento,</strong></span> <span class='ocrx_word' id='word_1_130' title='bbox 1101 1730 1193 1780; x_wconf 76' lang='lat' dir='ltr'><strong>illae</strong></span> <span class='ocrx_word' id='word_1_131' title='bbox 1224 1732 1371 1780; x_wconf 81' lang='lat' dir='ltr'><strong>varia-</strong></span> 
     </span>
     <span class='ocr_line' id='line_1_29' title="bbox 355 1797 484 1846; baseline 0 0"><span class='ocrx_word' id='word_1_132' title='bbox 355 1797 484 1846; x_wconf 77' lang='lat' dir='ltr'><strong>bant.</strong></span> 
     </span>
    </p>

    <p class='ocr_par' dir='ltr' id='par_1_10' title="bbox 108 1860 1378 2276">
     <span class='ocr_line' id='line_1_30' title="bbox 108 1860 1369 1926; baseline -0.001 -15"><span class='ocrx_word' id='word_1_133' title='bbox 108 1860 290 1903; x_wconf 75' lang='lat' dir='ltr'><strong>Duratio.</strong></span> <span class='ocrx_word' id='word_1_134' title='bbox 419 1865 543 1911; x_wconf 90' lang='lat' dir='ltr'><strong>XIX.</strong></span> <span class='ocrx_word' id='word_1_135' title='bbox 579 1860 870 1926; x_wconf 85' lang='lat' dir='ltr'><strong>Plerumque</strong></span> <span class='ocrx_word' id='word_1_136' title='bbox 904 1860 1180 1911; x_wconf 77' lang='lat' dir='ltr'><strong>abstinentia</strong></span> <span class='ocrx_word' id='word_1_137' title='bbox 1212 1861 1313 1911; x_wconf 79' lang='lat' dir='ltr'><strong>haec</strong></span> <span class='ocrx_word' id='word_1_138' title='bbox 1343 1877 1369 1910; x_wconf 84' lang='lat' dir='ltr'>a</span> 
     </span>
     <span class='ocr_line' id='line_1_31' title="bbox 358 1925 1371 1992; baseline -0.004 -13"><span class='ocrx_word' id='word_1_139' title='bbox 358 1929 466 1979; x_wconf 88' lang='lat' dir='ltr'><strong>cibo</strong></span> <span class='ocrx_word' id='word_1_140' title='bbox 481 1928 734 1992; x_wconf 80' lang='lat' dir='ltr'><strong>&amp;reliquis</strong></span> <span class='ocrx_word' id='word_1_141' title='bbox 759 1927 909 1976; x_wconf 86' lang='lat' dir='ltr'><strong>modo</strong></span> <span class='ocrx_word' id='word_1_142' title='bbox 934 1928 1214 1980; x_wconf 84' lang='lat' dir='ltr'><strong>memoratis</strong></span> <span class='ocrx_word' id='word_1_143' title='bbox 1235 1925 1371 1977; x_wconf 81' lang='lat' dir='ltr'><strong>dura-</strong></span> 
     </span>
     <span class='ocr_line' id='line_1_32' title="bbox 354 1993 1367 2058; baseline -0.002 -13"><span class='ocrx_word' id='word_1_144' title='bbox 354 1994 434 2045; x_wconf 79' lang='lat' dir='ltr'><strong>bat</strong></span> <span class='ocrx_word' id='word_1_145' title='bbox 452 2012 604 2057; x_wconf 86' lang='lat' dir='ltr'><strong>usque</strong></span> <span class='ocrx_word' id='word_1_146' title='bbox 631 1994 688 2043; x_wconf 75' lang='lat' dir='ltr'><strong>ad</strong></span> <span class='ocrx_word' id='word_1_147' title='bbox 707 1993 1063 2058; x_wconf 74' lang='lat' dir='ltr'><strong>occafitnzsblis,</strong></span> <span class='ocrx_word' id='word_1_148' title='bbox 1097 1993 1175 2044; x_wconf 88' lang='lat' dir='ltr'><strong>seu</strong></span> <span class='ocrx_word' id='word_1_149' title='bbox 1203 2005 1367 2044; x_wconf 86' lang='lat' dir='ltr'><strong>ortum</strong></span> 
     </span>
     <span class='ocr_line' id='line_1_33' title="bbox 349 2060 1366 2117; baseline -0.002 -7"><span class='ocrx_word' id='word_1_150' title='bbox 349 2064 500 2111; x_wconf 88' lang='lat' dir='ltr'><strong>trium</strong></span> <span class='ocrx_word' id='word_1_151' title='bbox 531 2061 771 2110; x_wconf 79' lang='lat' dir='ltr'><strong>stellarum</strong></span> <span class='ocrx_word' id='word_1_152' title='bbox 801 2060 1148 2117; x_wconf 86' lang='lat' dir='ltr'><strong>mediocrium,</strong></span> <span class='ocrx_word' id='word_1_153' title='bbox 1182 2073 1227 2110; x_wconf 79' lang='lat' dir='ltr'><strong>at</strong></span> <span class='ocrx_word' id='word_1_154' title='bbox 1246 2076 1366 2108; x_wconf 88' lang='lat' dir='ltr'><strong>non·</strong></span> 
     </span>
     <span class='ocr_line' id='line_1_34' title="bbox 346 2125 1362 2193; baseline -0.003 -16"><span class='ocrx_word' id='word_1_155' title='bbox 346 2143 596 2192; x_wconf 81' lang='lat' dir='ltr'><strong>nunquam</strong></span> <span class='ocrx_word' id='word_1_156' title='bbox 615 2129 661 2175; x_wconf 88' lang='lat' dir='ltr'><strong>in</strong></span> <span class='ocrx_word' id='word_1_157' title='bbox 675 2127 860 2193; x_wconf 84' lang='lat' dir='ltr'><strong>jejuniis</strong></span> <span class='ocrx_word' id='word_1_158' title='bbox 872 2127 1262 2177; x_wconf 82' lang='lat' dir='ltr'><strong>extraordinariis</strong></span> <span class='ocrx_word' id='word_1_159' title='bbox 1286 2125 1362 2175; x_wconf 81' lang='lat' dir='ltr'><strong>vel</strong></span> 
     </span>
     <span class='ocr_line' id='line_1_35' title="bbox 344 2193 1378 2276; baseline -0.003 -32"><span class='ocrx_word' id='word_1_160' title='bbox 344 2195 536 2262; x_wconf 80' lang='lat' dir='ltr'><strong>integro</strong></span> <span class='ocrx_word' id='word_1_161' title='bbox 562 2193 724 2244; x_wconf 85' lang='lat' dir='ltr'><strong>triduo</strong></span> <span class='ocrx_word' id='word_1_162' title='bbox 761 2195 1147 2255; x_wconf 78' lang='lat' dir='ltr'><strong>continuabatur,</strong></span> <span class='ocrx_word' id='word_1_163' title='bbox 1210 2193 1272 2242; x_wconf 85' lang='lat' dir='ltr'><strong>ita</strong></span> <span class='ocrx_word' id='word_1_164' title='bbox 1314 2203 1378 2276; x_wconf 41' lang='lat' dir='ltr'><strong>ut!</strong></span> 
     </span>
    </p>

    <p class='ocr_par' dir='ltr' id='par_1_11' title="bbox 1269 2275 1357 2307">
     <span class='ocr_line' id='line_1_36' title="bbox 1269 2275 1357 2307; baseline 0 0"><span class='ocrx_word' id='word_1_165' title='bbox 1269 2275 1357 2307; x_wconf 90' lang='lat' dir='ltr'><strong>nee</strong></span> 
     </span>
    </p>
   </div>
  </div>
 </body>
</html>
