1378 2392
36 76 151 141 Cap.
162 72 221 122 V..
237 71 311 122 De
319 69 544 137 Judiciis,
558 68 802 136 Suppliciis
813 69 908 120 &a
943 82 1042 134 409

97 213 218 259 XVI-
253 210 490 260 Omnibus
519 210 608 259 hac
642 212 824 260 ratione
856 228 1036 277 praepa-
1054 226 1262 281 Adjurado

22 278 168 332 ratis,
190 277 418 326 Sacerdos
438 290 578 342 caput
597 278 808 327 mulieris
830 278 1036 327 denuda·
1052 279 1100 329 dy
1120 287 1269 334 potatio

35 342 140 402 bat,
174 355 227 392 ut
250 345 404 392 crines
431 343 829 404 disturbarentur,
862 343 1031 393 vestes·
1052 337 1159 397 aquis
1173 351 1280 397 ΨΦ·

37 425 132 483 que
153 410 419 475 diripiebat,
452 421 505 458 ut
525 407 648 458 finus
670 412 974 476 detegeretur
990 412 1036 461 &
1052 401 1121 429 m·

36 474 72 524 11
100 475 216 525 albis
240 475 402 525 induta
433 475 562 535 esset,
596 477 651 525 iis
679 487 732 525 ut
759 478 802 526 8(
829 479 1036 544 gemmis

35 552 178 606 atque
198 541 456 592 monilibus
476 543 700 593 omnibus
715 542 918 604 sublatiS‚
932 559 1037 593 eam

36 609 187 674 nigris
215 607 485 668 amiciebat,
532 620 635 658 tum
674 609 775 659 illas
810 626 871 658 ne
903 611 1039 675 peni-

36 684 114 723 tus
133 674 521 739 prolaberentur,
556 674 696 741 supra
717 691 950 726 mammas
967 676 1039 725 fu-

36 758 99 790 ne
128 742 300 806 junceo
330 740 697 808 constringebat.
764 744 884 791 Dein
910 741 1039 791 ferto

36 808 86 856 in
106 807 253 856 corbe
271 806 443 874 saligna
465 807 628 867 allato,
662 805 853 874 vafique
880 807 1050 859 [aufto.

33 872 237 923 immiss'o
258 874 302 922 &
321 874 539 924 manibus
564 874 776 924 mulieris
797 872 1040 942 impositu,

37 955 182 988 manu
211 951 380 988 tenens
419 956 563 1004 aquas
605 941 805 1006 pulvere
849 943 1038 1002 mixtas,

37 1005 184 1055 distas
224 1016 480 1061 mensuri
511 1016 698 1062 :nv-vnn
728 1021 782 1060 ’ῃ
811 1010 1038 1072 (quarum

33 1074 270 1136 quantitas
280 1073 336 1121 ad
351 1074 605 1124 minimum
617 1074 801 1122 dimidii
812 1074 911 1141 logi
921 1078 1039 1135 erat)

36 1138 166 1187 illam
195 1138 355 1187 verbis
390 1141 531 1191 Num.
551 1142 605 1190 V.
633 1156 706 1198 19.
735 1139 869 1205 seqq.
912 1139 1040 1190 sche-

35 1204 160 1254 dulae
180 1205 440 1270 inscriptis,
473 1204 647 1255 omiffis
671 1218 830 1256 tamen
850 1223 957 1271 quae
978 1207 1038 1255 ad

34 1286 140 1319 rem
162 1288 260 1319 non
281 1271 528 1332 faciebant,
541 1273 799 1338 adjurabat,
814 1274 873 1322 ad
893 1289 1038 1337 quam

33 1338 377 1402 adjurationem
393 1338 486 1405 ipsa
499 1339 1039 1406 Amen,Ame72,respon-

36 1403 195 1459 debat,
226 1415 330 1452 tum
351 1419 489 1468 aquas
509 1405 738 1454 bibendas
764 1405 920 1456 dabat.

99 1472 245 1519 XVII.
280 1471 364 1519 His
390 1471 592 1536 peractis
623 1473 850 1520 Sacerdos
889 1473 1205 1526 mani-Oblata,

33 1535 123 1585 bus
143 1534 256 1596 suis,
289 1538 507 1586 manibus
527 1538 739 1586 mulieris
770 1536 1149 1604 suppofitis‚fcrti
1171 1538 1265 1591 ejus.

34 1601 215 1652 fertum
245 1603 472 1668 agitabat,
511 1613 616 1652 tum
649 1603 773 1652 ferto
804 1605 862 1653 ad
890 1620 1036 1671 angu-

33 1668 135 1718 lum
167 1667 324 1718 altaris
370 1669 814 1736 n0tozephyrinum
855 1669 1037 1736 depoli-

33 1738 109 1793 to,
158 1735 396 1800 pugillum
440 1736 552 1785 inde
589 1748 836 1803 acceptum
869 1738 914 1787 &
946 1736 1037 1785 stile

31 1798 361 1867 conspersum,
394 1804 443 1850 in
464 1804 627 1869 ignem
647 1803 801 1852 altaris
821 1804 1038 1868 conjicie-

32 1865 138 1926 bat,
173 1867 384 1931 reliquiis
416 1866 527 1917 ferti
549 1868 881 1919 Sacerdotibus
908 1871 955 1918 in
975 1870 1036 1932 ci·-

32 1930 149 1981 bum
179 1933 416 1983 conceffis.

95 2001 265 2048 XVlll.
302 1999 558 2064 Postquam
579 2016 715 2064 aquae
744 2002 794 2049 in
813 2011 1034 2051 ventrem
1053 2005 1213 2062 Effectus
1230 2061 1240 2070 ⁶

31 2065 133 2129 ejus
151 2065 487 2129 penetrassent,
521 2064 554 2114 fi
575 2068 805 2116 innocens
835 2067 945 2117 esset
969 2068 1036 2114 ni·
1050 2062 1269 2115 potationes,

32 2129 101 2180 hil
118 2131 231 2180 inde
261 2132 528 2197 patiebatur
557 2134 692 2192 mali,
725 2132 793 2183 sm
813 2150 893 2184 rea
915 2135 1039 2183 intu-

463 2202 502 2247 C
522 2216 547 2247 c
584 2215 605 2259 5
938 2214 1037 2247 me-
