1378 2392
358 109 449 163 378
518 101 632 153 Pars
652 105 714 156 Π.
747 104 822 158 De
841 104 974 158 Statu
994 106 1206 161 Politice.

679 284 848 332 CAP.
913 285 1018 335 ΙΙΙ.

607 390 700 449 De
775 392 1089 469 Regibus.

825 524 863 571 Ι.

108 615 328 668 Dignitaeis
414 604 599 657 amuele
626 605 754 657 senio
785 606 887 656 fere
921 600 1167 668 cohfee'tm
1214 607 1358 659 Israe-

106 669 337 725 regiaeorigo.
442 673 537 723 litae
569 674 745 740 prioris
778 675 1023 740 regiminis
1051 673 1224 724 formae
1250 692 1357 741 per·

349 737 473 796 taefi‚
521 740 565 788 8<
599 734 873 806 κακοζηλίας
903 741 1121 806 gentium
1156 739 1356 790 stimulis

350 806 439 856 asti
458 803 623 872 Regem
642 808 907 872 petierunt,
942 805 1038 873 ipsa
1061 806 1150 856 hac
1167 809 1356 874 petitio-

350 889 425 932 ne,
455 881 555 920 non
576 889 693 921 vero
714 874 812 938 ejus
832 870 982 921 solum
1016 872 1169 928 cnuth,
1201 874 1352 923 modo

347 940 394 988 &
427 935 544 994 fine,
588 940 739 988 Deum
790 939 1000 1004 graviter
1040 937 1354 996 offendentes,

347 1006 432 1069 qui
461 1021 561 1054 non
590 1005 884 1065 Samuelem,
919 1004 998 1053 sed
1024 1004 1170 1056 semet
1195 1005 1352 1072 ipsum

345 1085 399 1119 ea
440 1072 623 1120 ratione
669 1071 799 1138 rejici
839 1070 1110 1127 testabatur.
1179 1088 1200 1122 1
1225 1075 1351 1122 Sam.

344 1139 473 1187 vm.
493 1148 538 1197 6,
563 1153 608 1202 7.

100 1250 186 1293 No„
212 1262 259 1289 ex
409 1231 471 1277 Π.
505 1230 572 1278 Ut
590 1229 708 1279 adeo
730 1229 871 1279 multi
886 1229 1165 1295 Judaeomm
1191 1229 1353 1278 minus

99 1312 283 1358 praecepto
341 1295 473 1345 reete
495 1295 739 1362 dignitatis
750 1296 890 1362 hujus
910 1297 1149 1360 originem
1161 1310 1220 1344 ex
1231 1311 1351 1361 prae·

101 1356 242 1399 divino.
345 1372 487 1427 cepto
506 1361 671 1413 divino
695 1366 827 1412 Deut.
847 1364 993 1410 XV11.
1014 1378 1087 1425 14.
1102 1360 1234 1426 seqq.
1269 1362 1350 1410 de-

343 1429 544 1485 ducant,
586 1445 696 1480 cum
719 1429 814 1478 hoc
834 1428 941 1477 loco
959 1444 1057 1477 non
1078 1429 1218 1494 Regis
1240 1444 1351 1476 con-

340 1493 546 1552 stitutio,
589 1494 669 1545 sed
700 1495 859 1561 potius
892 1494 1107 1550 cautelae,
1157 1491 1190 1542 fi
1219 1493 1349 1543 forte
1376 1546 1377 1549 ,

339 1561 551 1628 populus
581 1578 692 1611 eum
720 1571 990 1628 expeteret,
1040 1557 1347 1611 observanda:
1375 1619 1378 1634 .

338 1626 729 1693 praescribantur,
762 1628 892 1678 unde
922 1629 967 1677 &
989 1630 1114 1678 Deus
1139 1626 1344 1677 illumin
1374 1640 1378 1698 ζ

337 1694 407 1744 ira
425 1692 630 1745 indulfit.
1374 1718 1376 1722 ·

95 1793 286 1850 Requistea
409 1784 492 1832 ΙΙΙ.
524 1784 580 1831 In
609 1798 726 1849 rege
757 1781 980 1849 eligendo
1010 1778 1070 1829 ad
1090 1779 1179 1827 tria
1204 1775 1346 1843 potis-
1375 1761 1378 1816 }

97 1850 150 1910 in·
171 1862 257 1901 rege
339 1845 510 1897 fimum
535 1849 879 1898 attendendum
905 1845 1035 1897 fuiffe
1063 1845 1215 1910 Judaei
1244 1860 1347 1892 mo·
1373 1848 1378 1907 ξ

96 1900 279 1956 εἶ’ἕωᾶθ·
335 1924 474 1970 nent,
510 1933 541 1963 l.
565 1916 760 1971 Sexum,
794 1927 846 1963 ut
875 1929 976 1963 mas
999 1910 1108 1961 effet
1138 1927 1238 1960 non
1261 1910 1346 1960 foe-
1372 1913 1378 1963 ἰ

335 1982 488 2036 mina,
517 1999 559 2028 2.
583 1981 772 2037 natales,
807 1992 858 2029 ut
880 1977 1217 2034 effetlsraelita,
1245 1992 1344 2025 non

337 2048 597 2113 alienigena
623 2059 702 2097 aut
732 2045 1026 2113 proselytus,
1077 2044 1152 2093 vel
1186 2040 1346 2109 prose·
1370 2039 1378 2105 ξ

337 2114 444 2176 lytis
468 2125 625 2171 ortus,
661 2113 744 2163 nifi
762 2114 958 2163 tandem
983 2122 1136 2162 matre
1154 2109 1346 2160 hebraea
1369 2117 1378 2170 ᾗ

336 2191 488 2246 natm,
517 2199 557 2242 3.
573 2181 696 2232 Vitae
709 2196 869 2249 genus,
904 2196 964 2230 ne
988 2194 1048 2231 ex
1071 2177 1245 2228 sutrina
1263 2186 1344 2224 aut
1368 2190 1378 2228 ε

396 2274 401 2280 ·
1141 2241 1342 2294 obscuro
1364 2230 1378 2340 ἑ
