1378 2392
116 126 373 197 {hquHL
405 123 481 176 De
499 123 681 192 Templo
697 123 925 191 Hierqsol.
995 140 1058 193 37

47 281 103 315 ex
131 262 267 313 fonte
297 262 472 314 Etham
502 279 592 329 per
620 281 762 314 cavos
791 264 942 314 boum
971 282 1054 331 pe·

44 328 131 383 des
150 346 208 379 eo
231 330 435 380 delatam
450 366 464 386 ,
497 347 586 395 per
606 332 757 398 capita
777 331 928 380 boum
952 347 1051 381 ma·

43 410 97 445 re
130 397 424 463 cingentium
458 397 634 448 iterum
674 396 897 449 effluxiss'e
938 414 1051 448 con·

43 462 261 513 tendunt.
1020 492 1024 495 >

105 528 318 580 XXXIII.
349 531 528 580 Praeter
557 545 690 579 mare
723 528 819 579 hoc
852 530 1044 581 Salomo
1063 547 1200 594 aba„

38 594 248 644 construi
280 598 463 644 curavit
481 599 524 644 X
543 594 702 646 Labra
733 613 854 644 aenea
884 614 903 646 1
927 600 993 647 Re
1031 637 1044 649 .

36 662 139 711 vu,
163 677 243 725 27.
261 660 364 728 sqq.
409 662 635 713 achron.
659 664 737 711 Ν.
768 672 813 713 6.
839 662 943 730 sqq.
978 614 1046 715 05-

36 725 93 778 lis
121 740 201 778 aut
230 727 394 777 ahenis
424 726 611 784 similia,
656 745 766 792 quae
795 730 1045 795 capiebant
1125 762 1127 764 v

36 791 217 861 fingula
239 796 325 844 XL
348 794 545 851 bathos,
576 792 942 862 insistebantque
963 796 1043 847 ba·

34 857 159 910 fibus
178 861 318 910 aeneis
353 863 416 910 111
446 861 590 912 cubit.
624 860 752 920 altis,
781 864 848 911 1v
880 863 1041 931 longis

33 927 80 976 8<
119 926 221 976 latis
241 964 253 987 ,
304 929 548 977 exornatis
601 925 769 994 figuris
823 927 1035 990 leonum,

32 993 208 1052 bourn,
267 993 313 1042 ἃ
341 993 757 1054 cherubinorum,
820 996 1038 1061 rotisque

28 1058 280 1110 instrufflS.
360 1060 643 1110 Praebebant
667 1060 745 1109 illa
774 1076 948 1127 aquam
974 1062 1038 1112 la·

29 1124 197 1176 Vandis
229 1125 449 1177 carnibus
479 1124 839 1188 fiacrificiorum‚
922 1143 1034 1180 uam

30 1191 143 1243 i'nde
164 1208 300 1257 aeque
325 1207 377 1241 ac
400 1208 460 1242 ex
491 1194 611 1242 mari
635 1209 768 1243 aeneo
790 1209 882 1259 pro
922 1211 1036 1245 uen-

0 1277 1 1302 ÷
27 1269 145 1318 tem,
177 1260 224 1306 in
245 1255 468 1325 piscinam
487 1259 773 1309 Bethesdam
794 1259 1033 1326 delapsam

29 1323 134 1379 effe,
169 1324 385 1375 nonnulli
402 1325 685 1375 existimant.
753 1326 908 1376 Labra
930 1326 1033 1377 haec

30 1405 58 1439 a
78 1389 238 1440 fulcris
262 1390 367 1450 suis,
401 1392 446 1442 &
468 1407 598 1441 mare
620 1408 806 1442 aeneum
829 1408 853 1440 a
875 1392 1032 1442 bobus

0 1459 262 1530 ssremovin
307 1456 496 1524 hocque
524 1459 801 1524 pavimento
841 1458 1034 1525 lapideo

0 1532 2 1544 ³
27 1522 255 1588 imposuit
284 1524 384 1572 Rex
413 1524 564 1575 Achas
603 1540 630 1575 2
652 1526 767 1591 Reg.
795 1527 917 1574 XVl.
956 1540 1031 1586 17.

29 1590 253 1639 Tandem
279 1591 440 1639 omnia
466 1607 490 1640 a
511 1590 742 1640 Chaldaeis
762 1592 811 1640 in
831 1591 1029 1655 Babylo-

28 1657 154 1705 niam
176 1655 280 1706 sunt
300 1655 545 1722 asportata.
563 1661 657 1721 ι[αι’.
674 1660 777 1707 LH.
798 1675 868 1718 17.
932 1660 970 1706 N
974 1675 1027 1707 ec

28 1721 157 1771 labra
187 1721 289 1772 haec
309 1735 388 1772 aut
412 1739 542 1774 mare
563 1740 748 1772 aeneum
764 1761 776 1778 ‚
812 1725 922 1772 dein
944 1723 1027 1772 sub

28 1788 210 1851 templo
234 1791 273 1837 11
297 1789 504 1839 restituta
530 1789 738 1849 fuerunt,
765 1789 843 1839 sed
868 1791 1028 1855 potius

27 1870 179 1903 unum
195 1864 286 1908 w:
306 1854 382 1905 seu
399 1855 619 1912 Labrum,
645 1857 778 1920 quod
800 1874 908 1905 cum
934 1858 1029 1921 pri-

28 1936 165 1968 mum
194 1921 289 1970 duo
318 1933 500 1972 tantum
531 1922 729 1971 haberet
763 1922 1026 1988 epistomia,

26 1987 123 2038 Ben
159 1987 292 2035 Catia
320 1988 490 2038 illiXII
520 1989 660 2045 fecit,
702 2005 795 2054 pro
819 2004 1024 2038 nurnero

24 2052 334 2102 Sacerdotum
377 2057 497 2104 circa
544 2055 761 2106 membra
803 2055 1027 2104 holocau-

23 2115 103 2171 sti,
143 2119 386 2182 &reliqua
419 2139 476 2170 eo
508 2120 785 2185 speciantia,
825 2136 1026 2186 occupa-

20 2192 200 2243 torum,
214 2184 343 2234 idem
353 2187 611 2237 machinam
634 2186 831 2254 ligneam
851 2186 1028 2302 pagaffe

457 2257 494 2304 F
529 2270 562 2317 4
947 2253 1025 2303 ici·
