1378 2392
338 75 435 125 228
523 61 648 115 ‘Pars
669 67 709 114 1.
742 64 817 117 De
837 63 970 116 Statu
996 65 1169 134 Ecclqs.

1306 168 1341 176 —nn

376 226 486 260 uam
528 208 648 259 illud
686 223 747 258 ex
782 207 968 274 speciali
1002 211 1088 259 Dei
1122 211 1349 260 mandato

337 228 504 337 fiebat,
539 288 592 326 ut
622 277 670 325 in
694 275 909 326 Simsone
935 288 1068 343 patet
1093 278 1199 342 Jud.
1221 281 1350 327 XIII.

341 358 384 408 5·
409 360 458 406 7·

97 449 266 493 Naziroex·
404 436 463 482 X.
500 431 716 481 Naziraei
743 427 918 480 dierum
947 431 1004 480 ad
1037 442 1223 480 certum
1250 442 1351 482 tan·

96 506 257 548 dierum.
337 511 442 549 turn
456 509 650 564 tempus
671 498 715 547 se
734 497 828 547 hoc
841 510 958 547 voto
973 497 1349 566 obstringebant.

337 569 560 632 Tempus
588 565 707 614 illud
741 566 787 613 in
814 564 920 631 lege
948 564 1218 630 expressum
1250 583 1349 617 non

341 632 430 690 est,
475 632 554 681 sed
583 632 735 697 Judaei
761 632 809 680 id
839 632 896 680 ad
923 633 1181 681 minimum
1219 635 1348 684 XXX

339 701 530 749 dierum
561 697 765 758 faciunt,
817 715 1028 763 quorum
1068 701 1348 752 memoriale

339 767 486 817 latere
513 765 684 814 volunt
705 766 752 814 in
774 781 894 814 voce
915 777 1021 819 ΠΤΡ
1041 768 1181 815 Num.
1202 768 1281 815 VI.
1303 783 1346 829 ς,

337 834 468 883 unde
506 829 539 880 fi
578 833 685 896 quis
713 831 790 880 vel
822 831 1008 882 nullum
1045 833 1235 882 dierum
1262 851 1349 884 nu-

339 915 534 950 merum
594 897 881 964 expreffiffet
899 936 911 956 ,
978 899 1055 947 vel
1102 901 1346 951 minorem

337 969 490 1026 XXX,
546 965 857 1014 nihilominus
896 964 957 1014 ad
987 966 1114 1014 XXX
1146 967 1247 1016 dies
1277 980 1344 1018 te-

336 1033 562 1088 nebatur,
587 1031 665 1082 {ed
698 1029 729 1080 fi
759 1048 1018 1082 numerum
1041 1031 1345 1083 determinas:

336 1101 404 1151 set
431 1100 627 1166 triginta
651 1100 909 1164 majorem,
951 1100 990 1148 is
1019 1098 1115 1148 fine
1145 1098 1236 1149 ulla
1264 1104 1343 1151 ad·

334 1168 519 1220 ditione
564 1175 643 1216 aut
682 1166 1022 1216 imminutione
1068 1166 1347 1232 implendus

336 1245 455 1286 erat.

92 1336 207 1393 Leges
228 1337 300 1378 hu·
400 1324 479 1371 XI.
512 1325 672 1388 Leges
695 1321 982 1371 Naziraeatus
1001 1319 1150 1388 ‘hujus
1183 1333 1343 1381 erant·‚

86 1391 155 1446 jus
178 1392 296 1433 Nazi-
336 1401 391 1438 ut
412 1387 496 1438 fibi
526 1401 751 1438 caverent
783 1405 824 1436 1.
849 1387 906 1436 ab
929 1390 1052 1437 omni
1072 1388 1194 1456 quod
1208 1407 1236 1437 a
1257 1392 1345 1438 vite

94 1457 245 1488 '‘atu-2
326 1454 642 1522 proficiscitur
654 1472 694 1501 2.
707 1473 734 1502 a
746 1453 931 1518 tonsura
935 1456 1031 1515 3&
1041 1455 1344 1506 immunditie.-

332 1524 380 1572 in
410 1523 584 1588 quibus
615 1520 767 1571 tribus
786 1538 966 1570 novem
990 1521 1204 1573 distinsta
1224 1539 1345 1590 prae-

320 1602 469 1656 *cepta
487 1589 639 1654 Judaei
662 1588 892 1644 statuunt,
928 1587 1101 1653 quibus
1119 1590 1342 1640 addendo

332 1667 660 1723 praeceptum,
702 1656 762 1704 de
794 1656 850 1703 iis
873 1672 980 1719 quae
1001 1657 1058 1704 ad
1081 1659 1182 1706 voti
1200 1657 1342 1722 hujus

330 1723 643 1782 solutionem,
698 1733 776 1771 aut
808 1721 968 1786 aliquo
998 1723 1056 1771 ad
1084 1722 1204 1773 latus
1237 1726 1338 1790 ejus

330 1802 528 1840 mortuo
560 1789 856 1856 peragenda,
905 1790 1064 1838 omnia
1097 1804 1340 1857 pra-cepta

326 1857 569 1907 Naziraeos
591 1855 681 1904 hos
699 1855 1034 1904 concernentia
1065 1857 1123 1905 ad
1155 1858 1340 1915 decern,

329 1939 372 1975 2.
393 1921 674 1974 affirmantia
703 1922 748 1972 &
788 1931 830 1979 8.
851 1923 1071 1988 negantia
1102 1924 1341 1992 redigunt.

331 1991 478 2055 Quod
510 2000 670 2039 autem
706 1988 926 2038 nonnulli
959 1989 1223 2055 peculiares
1249 1992 1338 2040 Na-

329 2055 672 2107 ziraeis-·<vestes
708 2055 953 2112 tribuunt,
1018 2054 1336 2107 fundamento

263 2124 265 2126 ’
328 2135 473 2193 caret·

1231 2210 1293 2257 XI
1303 2211 1332 2259 l.
