1378 2392
315 95 381 149 98
518 87 633 138 Pars
654 86 694 135 Ι.
729 83 805 167 Q?
826 83 960 136 Statu
983 85 1159 152 Eccless

313 228 506 288 Pronai,
535 229 624 277 XL
643 228 816 287 Sansti,
851 229 895 278 8<
917 231 1001 276 XX
1031 232 1077 278 S.
1106 232 1152 278 S.
1183 227 1343 279 latitu-

313 295 382 346 do
411 298 522 353 XX,
564 294 764 343 altitudo
803 306 963 344 autem
997 298 1125 344 XXX
1156 295 1339 345 cubito·

314 376 454 419 rum,
505 377 652 427 quam
690 362 773 426 qui
809 361 1054 411 conclavia
1092 361 1338 428 superiora

316 429 594 483 admittunt,
619 441 819 476 externe
846 444 957 477 cum
981 429 1270 493 pavimentis
1294 429 1340 478 8<

315 495 459 546 testo
480 493 797 544 mensuratam
827 495 886 544 ad
918 492 1093 544 LXXX
1119 493 1226 545 cub.
1259 511 1340 544 ex-

315 561 541 615 tendunt.
643 562 815 610 Pron-ai
851 578 970 610 vero
1004 561 1206 610 altitudo
1240 572 1342 610 erat

318 632 444 680 CXX
470 628 763 678 cubitorum.
863 628 919 678 Id
944 628 1079 692 quod
1113 644 1137 676 a
1157 628 1342 677 reduci-

322 696 414 747 bus
448 711 509 744 ex
540 693 782 758 Babylone
826 691 1088 755 simitum,
1124 710 1184 743 ex
1224 711 1346 760 prae-

323 763 502 828 scripto
530 762 642 824 Cyri
663 760 830 809 habuit
856 764 943 811 LX
971 761 1159 811 cubitos
1189 761 1343 810 altitu-

324 831 451 879 dinis
480 830 525 878 &
552 827 758 879 totidem
790 826 1051 876 latitudinis
1070 826 1166 876 Est.
1193 830 1273 876 VI.
1301 843 1345 888 3.

325 896 460 962 quod
491 895 712 943 Herodes
742 893 854 943 dein
883 896 946 942 ita
983 894 1255 959 ampliavit,
1290 904 1347 942 ut

324 965 376 1013 in
411 962 682 1017 altitudine,
735 959 1041 1028 longitudine
1070 962 1116 1010 &
1141 960 1347 1008 latitudi-

323 1047 413 1086 ne,
473 1028 830 1076 connumeratis
866 1026 1173 1077 conclavibus
1211 1026 1347 1093 supe-

323 1094 535 1147 rioribus
548 1095 591 1143 8<
603 1093 913 1143 inferioribrs
926 1092 1251 1158 omnibusque
1274 1109 1347 1149 ree

325 1163 471 1228 liquis
491 1178 549 1210 eo
574 1159 910 1226 spectantibus,
943 1160 1177 1225 aequalem
1205 1158 1349 1208 habe-

328 1242 405 1280 ret
430 1225 781 1278 dimenfionem
813 1228 851 1276 C
883 1227 1176 1282 cubitorum,
1207 1225 1348 1278 frons

272 1322 275 1323 ⁷
327 1312 451 1346 vero
495 1294 554 1344 ad
590 1292 839 1360 pristin-am
884 1294 1186 1343 altitudinem
1222 1294 1348 1341 CXX

331 1363 449 1412 cub:
486 1360 708 1417 redueta,
745 1359 886 1427 super
911 1360 1147 1424 reliquam
1175 1359 1348 1416 aedem,

327 1432 414 1479 XX
435 1427 550 1477 cub:
586 1430 836 1477 emineret.
900 1427 995 1475 Ubi
1009 1439 1170 1475 tamen
1193 1424 1353 1475 obier-

329 1496 548 1546 vandum
569 1493 869 1543 latitudinem
895 1493 1034 1552 hane,
1056 1493 1116 1541 de
1144 1493 1350 1541 anterio·

331 1564 375 1612 ri
402 1573 536 1628 parte
557 1555 744 1611 tantum
773 1561 1101 1626 accipiendam
1132 1558 1236 1619 effe,
1265 1574 1352 1624 po·

332 1629 507 1680 steriot·
539 1630 668 1676 enim
700 1626 944 1692 angustior
981 1638 1106 1686 erat,
1143 1637 1195 1674 ut
1224 1626 1357 1689 adeo

333 1695 577 1761 templum
604 1693 725 1750 boc,
763 1692 968 1758 figuram
1000 1696 1180 1741 Leonis
1208 1690 1352 1740 habe-

333 1767 433 1822 re't,
467 1774 520 1811 ut
547 1762 698 1825 Judaei
741 1759 996 1820 testantur,
1029 1759 1113 1823 qui
1150 1773 1243 1822 qua
1280 1773 1352 1807 ra·

330 1830 466 1878 tione
509 1827 893 1894 longitudinem,
956 1825 1258 1874 latitudinem
1303 1824 1350 1874 &

335 1894 638 1945 altitudinem
668 1893 793 1942 hanc
820 1909 907 1958 per
930 1907 1088 1958 partes
1110 1892 1348 1957 digerant.

334 1963 386 2015 in
406 1959 637 2010 Middoth
669 1963 747 2019 IV,
779 1977 843 2008 m.
875 1970 919 2009 6.
939 1958 983 2009 <31
1002 1976 1049 2021 7.
1077 1958 1244 2007 videre
1266 1955 1350 2015 est,

335 2029 448 2078 licet
491 2043 592 2078 non
630 2026 809 2092 ubique
843 2024 933 2077 hac
973 2028 1023 2077 in
1067 2041 1122 2076 re
1157 2021 1358 2075 consem-

331 2097 467 2146 tiant.

1179 2214 1349 2275 XLIX.
